1843 2987
1586 250 1630 285 13

168 341 234 391 hil
289 343 348 392 de
392 344 480 394 hac
517 363 567 394 re
602 344 708 410 lege
745 345 978 394 sancitum
1019 362 1133 396 esse.
1207 343 1327 401 Quis
1366 346 1493 396 enim
1529 364 1637 395 ora-

165 421 238 460 tor
289 423 476 478 putarat
525 415 597 463 vel
650 415 894 479 legislator
933 425 1281 481 exspectaverat
1318 416 1441 471 fore,
1485 425 1538 464 ut
1572 417 1637 464 ci-

169 481 295 530 vium
334 485 585 549 quisquam
620 484 802 531 facinus
839 483 931 531 tale
967 484 1015 532 in
1053 501 1103 532 se
1138 486 1441 533 admitteret?
1495 484 1639 539 Quod
1667 498 1711 532 ‘28

168 551 207 598 si
262 552 327 601 ita
376 562 518 607 esset,
566 553 772 617 profecto
809 571 902 601 non
940 553 1092 618 legem
1132 554 1259 603 illam
1297 555 1516 619 scripturi
1560 556 1637 603 fu-

171 631 330 678 erunt,
384 639 505 686 quae
559 622 597 670 si
643 622 746 686 quis
784 632 934 671 castra
969 622 1257 688 reliquisset,
1294 639 1440 687 quum
1480 624 1638 672 civitas

170 710 266 739 non
310 694 412 757 ipsa
456 692 513 739 inv
552 692 758 757 periculo
796 702 1079 748 versaretur,
1114 693 1196 741 sed
1235 693 1338 741 aliis
1376 693 1636 758 periculum

169 762 386 816 inferret,
431 762 635 826 speciem
680 762 940 827 gravissimi
976 762 1194 809 facinoris
1234 762 1343 809 huic
1376 763 1444 809 rei
1480 763 1636 828 impo-

171 840 325 886 neret,
379 831 507 878 nulla
556 830 673 895 legis
725 831 965 878 mentione
1001 831 1144 886 facta,
1180 830 1219 878 si
1256 832 1361 896 quis
1403 832 1636 880 civitatem

170 899 320 963 ipsam
359 899 421 951 in,
447 899 654 963 periculo
694 908 957 946 versantem
997 900 1292 949 deseruisset.
1367 899 1507 947 Haud
1546 901 1637 946 du-

171 967 247 1015 bie
294 969 352 1015 de
397 968 484 1016 hae
519 986 568 1015 re
611 968 784 1032 scripta
817 968 984 1016 fuisset
1019 968 1115 1023 lex,
1152 969 1191 1015 si
1228 969 1333 1033 quis
1367 977 1636 1033 exspectas-

173 1045 245 1084 set
298 1036 466 1084 civium
525 1053 813 1101 quemquam
870 1036 962 1084 tale
999 1036 1114 1100 quid
1148 1053 1374 1100 umquam
1413 1037 1637 1085 commis-

172 1122 332 1152 surum
392 1122 506 1152 esse.
573 1104 683 1151 Jam
722 1104 825 1168 quis
862 1122 956 1151 non
989 1106 1093 1170 jure
1131 1123 1211 1152 vos
1245 1105 1636 1170 reprehenderet,
1664 1124 1706 1153 221

171 1174 211 1220 si
264 1173 544 1238 inquilinos,
588 1174 715 1238 quod
759 1173 879 1220 ultra
915 1173 1129 1220 debitum
1167 1174 1343 1238 populo
1379 1192 1519 1238 opem
1555 1184 1634 1220 tu-

168 1242 356 1297 lissent,
393 1261 477 1306 pro
515 1241 741 1306 dignitate
778 1241 975 1289 civitatis
1011 1240 1329 1297 honoraretis,
1364 1242 1508 1290 istum
1548 1260 1632 1289 au-

170 1319 291 1365 tem,
327 1311 454 1373 quod
490 1319 676 1374 praeter
711 1309 918 1359 officium
956 1310 1241 1374 prodidisset
1269 1310 1633 1375 rempublicam,

169 1398 264 1427 non
320 1378 569 1444 puniretis,
610 1377 651 1426 si·
692 1395 787 1426 non
823 1378 1031 1443 graviore
1065 1379 1317 1443 supplicio,
1352 1379 1519 1427 saltem
1559 1396 1633 1435 ea,

169 1465 263 1512 qua
309 1450 408 1513 jam
465 1448 651 1512 flagrat,
697 1447 901 1495 infamia.
973 1446 1212 1510 Reputate
1247 1446 1486 1494 vobisc-um
1525 1448 1631 1509 qui-
1660 1460 1706 1492 30

172 1517 259 1564 bus
313 1516 464 1562 causis
518 1516 706 1562 adducti
752 1515 872 1561 cives
908 1515 1030 1561 bene
1068 1516 1125 1561 de
1163 1514 1404 1579 republica
1440 1515 1632 1562 meritos

171 1584 373 1639 honore,
418 1583 564 1631 malos
603 1583 862 1647 ignominia
897 1584 1122 1631 afficiatis.
1193 1582 1466 1647 Utrumque
1505 1584 1630 1630 enim

173 1653 467 1717 propositum
503 1660 573 1699 est
609 1669 703 1700 non
742 1652 889 1716 magis
926 1652 1287 1716 praeteritorum
1326 1669 1464 1700 eausa
1489 1669 1631 1716 quam

171 1722 461 1776 futurorum,
497 1729 550 1767 ut
587 1720 708 1768 cives
746 1720 904 1768 dedita
941 1738 1083 1785 opera
1118 1720 1229 1768 boni
1265 1738 1365 1769 esse
1391 1721 1633 1776 studeant,

173 1790 284 1837 mali
337 1790 466 1837 nulla
519 1790 698 1836 ratione
754 1806 855 1836 esse
902 1790 1117 1839 audeant.
1190 1789 1441 1837 Praeterea
1476 1790 1630 1837 consi-
1660 1816 1701 1848 31

173 1859 333 1906 derate
378 1859 509 1923 cujus
539 1858 847 1923 jurisjurandi
882 1858 1111 1905 rationem
1151 1857 1395 1906 habiturus
1435 1874 1536 1905 esse
1562 1859 1631 1905 vi-

176 1928 341 1975 deatur
395 1928 458 1982 is,
513 1927 593 1991 qui
646 1943 696 1974 re
746 1927 847 1991 ipsa
884 1927 1058 1991 patrios
1098 1927 1209 1974 deos
1247 1927 1525 1992 prodiderit,
1562 1927 1633 1973 vel

174 1996 411 2061 quomodo
446 1995 729 2059 reipublicae
768 1995 880 2041 utile
917 1995 1030 2058 quid
1062 2011 1306 2050 suasurus,
1334 1996 1414 2060 qui
1434 1996 1631 2059 patriam

175 2083 233 2112 ne
270 2065 468 2111 liberare
505 2064 698 2127 quidem
735 2063 953 2117 voluerit,
985 2063 1057 2109 vel
1094 2081 1262 2110 arcana
1297 2081 1457 2111 secum
1496 2064 1631 2111 habi-

175 2144 333 2188 turus,
387 2132 467 2196 qui
505 2149 563 2179 ne
601 2139 851 2196 praecepta
887 2132 1079 2195 quidem
1116 2131 1165 2178 in
1202 2133 1413 2180 medium
1454 2132 1634 2196 prolata

175 2203 310 2266 sequi
345 2218 549 2265 aequum
588 2200 845 2248 censuerit..
907 2199 1062 2253 Quid?
1094 2200 1175 2263 qui
1211 2218 1271 2247 ne
1306 2201 1500 2248 ultimus
1526 2201 1632 2264 qui-

176 2271 284 2319 dem
340 2269 399 2317 ad
445 2268 651 2333 pericula
687 2268 835 2322 venit,
872 2283 964 2330 quo
1000 2269 1195 2315 tandem
1233 2270 1373 2317 modo
1418 2270 1635 2316 convenit

176 2357 284 2387 eum
323 2339 500 2385 honore
538 2353 687 2401 eoque
723 2336 806 2382 tali
842 2337 1047 2400 priorem
1085 2337 1227 2391 affici,
1264 2337 1544 2402 posthabitis
1578 2338 1633 2385 iis

174 2409 307 2474 ipsis,
356 2407 437 2471 qui
472 2407 521 2453 in
558 2405 698 2452 rebus
735 2405 928 2471 agendis
965 2406 1412 2471 strenuivigebant.
1481 2405 1633 2452 Mise-

176 2495 281 2525 rum
319 2492 430 2522 sane
473 2484 616 2528 esset,
653 2474 692 2521 si
728 2492 875 2539 quum
911 2475 1000 2520 iste
1037 2490 1200 2521 omnes
1238 2475 1358 2521 cives
1395 2473 1531 2521 nihili
1564 2475 1632 2521 fe—

175 2548 332 2599 cisset,
368 2561 448 2591 vos
483 2561 613 2597 eum,
648 2560 797 2589 unum
833 2543 1011 2597 solum,
1048 2561 1142 2590 non
1179 2542 1507 2608 reprobaretis.

312 2613 407 2662 Sed
443 2613 579 2661 video
616 2611 869 2676 quosdam,
906 2611 987 2675 qui
1022 2628 1169 2676 quum
1206 2629 1282 2659 me
1309 2610 1518 2658 delenire
1541 2629 1635 2658 non
1664 2641 1712 2674 32

177 2683 437 2750 potuerint,
490 2683 545 2731 ad
603 2682 745 2729 istum
799 2681 1151 2729 defendendum
1209 2690 1255 2728 et
1301 2698 1381 2728 vos
1419 2681 1637 2746 precibus

178 2752 490 2802 obsecrandos
528 2767 652 2799 nunc
687 2767 737 2798 se
772 2759 1064 2816 comparant;
1101 2751 1237 2799 nobis
1275 2759 1433 2798 autem
1470 2749 1516 2797 in
1551 2768 1638 2815 pe·
