1843 2987
1584 343 1630 377 23

284 432 313 492 ξ
362 431 426 478 16.
486 434 690 479 Diotimus
727 434 793 479 ille
824 441 895 478 aut
926 436 1114 492 magister
1144 435 1285 495 δήμου
1313 438 1389 481 fuit
1419 439 1633 494 autprin-

168 516 260 556 ceps
292 505 396 546 illius
426 505 599 558 collegii,
617 507 693 549 *cui
726 508 919 548 mandata
948 514 1032 549 tum
1066 509 1139 549 fuit
1164 523 1258 550 cura
1280 509 1539 562 municipales
1565 523 1632 550 ar-

168 573 242 617 mis
272 573 506 617 instruendi.
569 573 756 630 (Reisk.)

284 643 312 701 ξ
347 643 413 686 17.
474 638 598 691 ὅπως
625 670 672 676 -
687 641 957 701 ωφελήσει,·
986 670 1044 677 -—
1073 648 1305 700 saepissime
1333 648 1466 689 futuro
1488 649 1633 701 adjun-

168 712 273 767 gitur
318 706 461 763 ὅπως,
509 714 782 766 praecedentis
828 714 980 764 verbis,
1012 716 1079 769 qui
1110 729 1243 757 curam
1277 717 1479 770 quandam
1511 722 1633 770 atque

167 784 346 825 studium
391 783 625 836 significant.
690 781 913 840 ωφὲλησε,
963 787 1068 838 quod
1116 785 1270 827 Cobeto
1318 785 1469 839 placet,
1502 800 1631 827 nonne

167 853 421 906 rejiciendum
453 852 542 893 est?

283 921 312 978 ξ
359 922 424 963 18.
484 919 742 970 ἐπεξελθεῖν
785 917 941 970 avite-v,-
978 922 1189 970 Reiskius,
1228 935 1342 975 quem
1374 924 1627 964 accusativus

169 992 354 1041 offendit,
384 986 500 1044 αὐτῷ
533 986 787 1032 commendat
815 996 856 1031 et
886 991 1017 1032 nescio
1049 1005 1100 1032 an
1131 991 1188 1033 illi
1219 992 1428 1034 assentior.
1489 990 1623 1038 Quum

168 1062 271 1103 enim
318 1061 441 1102 verbo
481 1058 717 1109 ἐπεξλθεῖν
746 1061 963 1102 accusandi
990 1063 1187 1114 quaedam
1219 1062 1323 1102 inest
1355 1063 1437 1110 vis,
1468 1063 1628 1115 saepis-

168 1131 267 1174 sime
312 1132 395 1172 dat.
442 1142 637 1183 personae
682 1135 723 1171 et
767 1143 853 1184 gen.
897 1130 960 1171 vel
992 1143 1071 1172 acc.
1102 1132 1158 1172 rei
1189 1132 1349 1184 recipit;
1386 1145 1628 1185 quamquam

171 1203 249 1242 non
282 1201 427 1240 desunt
457 1199 660 1251 exempla,
693 1200 834 1252 quibus
866 1212 994 1240 accus.
1026 1212 1129 1252 pers.
1161 1200 1345 1252 usurpari
1366 1201 1630 1240 confirmetur.

285 1267 313 1326 ξ
356 1268 425 1309 20.
487 1265 637 1308 ἱκανόν
673 1287 704 1302 .-·
741 1265 874 1316 ἄξιον.
936 1268 1127 1309 Inaudita
1171 1281 1269 1309 sane
1314 1273 1435 1322 atque
1472 1269 1524 1309 ab
1557 1282 1630 1309 usu

169 1343 327 1380 remota
368 1337 623 1390 significatio!
680 1337 878 1378 Attamen
910 1349 1071 1377 causam
1103 1350 1181 1377 non
1213 1338 1350 1385 video,
1383 1350 1451 1377 cur
1479 1337 1628 1378 tollen-

169 1408 261 1448 dum
292 1406 346 1446 sit
376 1410 417 1446 et
448 1405 617 1445 δικαιον
643 1404 906 1447 scribendum.
969 1405 1114 1447 Confer
1146 1419 1247 1459 quae
1276 1418 1399 1458 supra
1428 1404 1476 1462 (ξ
1499 1406 1547 1459 2)
1569 1406 1627 1446 le-

169 1481 336 1530 guntur-z
367 1470 673 1529 ἀνεπιτήδειον
704 1466 808 1513 ὄντα
841 1472 1085 1527 βουλεύειν,
1110 1487 1212 1527 quae
1233 1475 1358 1515 verba
1378 1475 1485 1516 haud
1510 1475 1629 1516 dubie

171 1546 274 1586 idem
321 1543 459 1584 valent
505 1547 626 1596 atque
671 1543 896 1583 “senatorio
943 1556 1102 1584 munere
1133 1544 1374 1596 indignum“.
1431 1543 1631 1585 Similitu—

173 1615 304 1657 dinem
334 1618 494 1654 secutus
525 1612 746 1653 novitatem
778 1611 834 1652 rei
865 1611 1000 1653 mirari
1031 1601 1204 1655 desinas.

286 1681 626 1736 τεκμαίρεσθαι,
658 1681 948 1733 “conjecturam
979 1681 1132 1723 facere“
1156 1682 1336 1735 jungitur
1366 1694 1452 1722 cum
1477 1677 1631 1731 ἐξ,ιι’πό

171 1752 234 1795 vel
264 1753 349 1794 dat.

288 1819 316 1876 ξ
347 1819 415 1862 21.
477 1818 695 1872 Scriptoris
726 1818 850 1858 verba
880 1818 1117 1859 emendandi
1147 1819 1280 1860 studio
1311 1819 1418 1859 ducti
1449 1820 1629 1862 nonnulli

176 1888 444 1946 προσήκοντι
482 1893 730 1942 proponunt,
763 1886 1227 1940 quam-emendationem
1259 1888 1418 1928 omnino
1450 1900 1527 1929 non
1559 1901 1630 1929 ne-

175 1959 388 2000 eessariam
416 1971 507 1999 esse.
534 1956 728 1999 neminem
761 1955 876 1997 fallit.

289 2018 373 2082 ἆρα
400 2046 432 2061 =
459 2039 604 2068 nonne.
663 2025 723 2066 At
761 2024 861 2066 enim
901 2035 1019 2076 quum
1052 2024 1118 2077 qui
1147 2023 1367 2077 interrogat
1394 2025 1632 2066 affirmatio-

175 2100 263 2139 nem
309 2087 506 2151 postulet,
543 2087 665 2148 ἆρόὕ
694 2093 945 2135 scribendum
977 2097 1049 2134 est.
1107 2094 1277 2142 Fateor,
1309 2096 1378 2136 sed
1411 2095 1544 2136 nescio
1579 2109 1631 2136 an

173 2158 255 2219 ἄρα
287 2166 392 2207 idem
424 2163 617 2211 declaret,
650 2163 755 2216 quod
786 2161 909 2203 latine
936 2175 988 2202 une
1018 2161 1115 2202 illud
1146 2162 1388 2212 montinum,
1411 2176 1513 2216 quae
1534 2177 1629 2216 par·

175 2234 316 2283 ticula,
363 2235 448 2275 sive
496 2232 820 2280 affirmationem,
866 2231 950 2272 sive
996 2230 1246 2284 negationem
1277 2237 1483 2284 expectas,
1516 2247 1627 2274 usur-

176 2304 263 2358 pari
309 2307 454 2356 potest.
515 2294 769 2342 Confidenter
804 2304 844 2339 et
865 2312 924 2339 ex
955 2299 1075 2339 animi
1102 2301 1315 2342 sententia,
1331 2301 1505 2354 loquitur
1538 2315 1633 2343 ora-

175 2378 261 2421 tor,
293 2372 396 2413 unde
426 2361 508 2425 ἆρα
537 2389 568 2404 --
595 2382 739 2411 nonne.
796 2369 903 2421 Insp.
933 2369 1005 2410 Kr.
1038 2366 1108 2409 Gr.
1139 2367 1206 2416 69,
1238 2367 1275 2410 9.

291 2434 345 2481 ἄν
375 2437 632 2496 ποιήσοντα.
694 2435 808 2484 Quos
839 2437 979 2490 partic.
1001 2433 1053 2476 ἄν
1074 2441 1177 2489 part.
1198 2436 1268 2478 fut.
1293 2437 1482 2490 adjuncta
1506 2439 1633 2479 offen-

177 2512 253 2561 dit,
284 2510 355 2552 fut.
386 2510 427 2551 in
459 2522 542 2550 aor.
572 2513 728 2549 mutare
752 2506 978 2547 voluerunt.
1036 2505 1143 2547 Num
1174 2503 1227 2546 ἄν
1260 2511 1364 2559 part.
1395 2506 1467 2548 fut.
1488 2508 1634 2561 adjun-

176 2585 317 2635 gatur,
354 2575 439 2633 jam
484 2578 636 2633 pridem
682 2577 785 2619 inter
830 2578 968 2618 doctos
1000 2581 1061 2617 est
1091 2575 1348 2629 disceptatio,
1380 2588 1482 2629 quae
1513 2589 1633 2629 quum

177 2651 262 2692 sine
306 2651 415 2691 exitu
459 2649 597 2703 fuerit,
644 2645 852 2701 permultis
896 2645 1110 2698 exemplis,
1146 2645 1289 2698 quibus
1319 2645 1419 2685 haec
1447 2644 1634 2698 loquendi

180 2721 425 2761 consuetudo
458 2719 728 2766 confirmetur,
760 2717 901 2757 ductus
931 2715 1001 2755 fut.
1029 2715 1276 2756 retinendum
1306 2727 1391 2755 esse
1421 2719 1531 2767 puto.
1575 2714 1636 2755 Pl.

177 2781 300 2842 Apol.
345 2789 440 2839 3o‚b
494 2785 549 2834 ὡς
578 2786 686 2840 ἐμοῦ
722 2780 801 2826 οὐκ
838 2777 889 2824 ἄν
918 2781 1181 2840 ποιήσοντος
1212 2780 1330 2822 ἄλλα.
1392 2783 1501 2835 Insp.
1531 2782 1637 2823 Xen.

177 2858 298 2900 Mem.
344 2859 398 2900 II:
444 2860 483 2908 2,
531 2859 569 2900 3.
615 2862 656 2899 et
694 2855 992 2898 annotationem
1024 2852 1176 2907 Saupp,
1206 2852 1296 2894 huic
1324 2851 1411 2894 loco
1444 2852 1637 2894 additam.
