1843 2987
1642 272 1660 305 9

195 384 300 415 rum
339 367 533 434 quidem
569 385 728 417 rerum
766 368 999 434 particeps
1034 384 1136 417 esse
1162 368 1329 435 cupiit,
1363 368 1534 417 melius
1561 386 1664 417 esse

196 436 466 487 existimans
519 438 661 487 rebus
714 454 939 504 prospere
992 439 1192 503 peractis
1235 439 1479 494 accedere,
1516 455 1660 503 quam

195 523 337 572 opera
389 510 450 557 ad
503 525 805 557 communem
861 507 1111 555 utilitatem
1164 508 1375 556 adhibita
1417 525 1513 556 una
1554 525 1661 557 cum

195 578 360 625 ceteris
404 577 585 625 reverti.
658 576 758 625 Nec
804 577 931 624 venit
964 576 1014 624 in
1051 575 1276 624 Piraeum
1313 593 1401 624 nec
1435 577 1526 625 alio
1564 577 1661 626 ullo

193 644 294 693 loco
348 655 621 711 promptum
676 663 726 694 se
780 644 1009 711 praebuit.
1082 644 1387 709 Quamquam
1444 645 1526 709 qui
1578 665 1660 694 vos

192 715 392 778 prodere
429 731 569 762 ausus
596 723 686 771 est,
724 731 842 780 quos
879 731 1105 779 prospera
1140 715 1329 763 fortuna
1365 723 1552 762 utentes
1589 716 1658 762 vi-

195 783 350 837 deret,
387 784 501 847 quid
537 801 611 831 res
647 785 784 831 nobis
820 783 972 831 secius
1009 793 1153 847 atque
1189 783 1359 830 vellem
1386 784 1658 848 gerentibus

192 851 398 899 facturus
434 853 550 900 fuit?
622 850 923 915 Quicumque
960 851 1230 899 domesticis
1268 860 1316 899 et
1348 852 1540 916 privatis
1579 869 1655 901 ca-

191 919 482 967 lamitatibus
519 921 679 969 afflicti
715 920 955 985 periculis,
991 920 1041 967 in
1076 920 1249 982 quibus
1284 929 1397 968 tunc
1438 920 1657 969 versaba-

190 996 268 1033 tur
317 989 500 1043 civitas,
550 990 779 1037 interesse
829 1006 925 1036 non
979 996 1225 1052 poterant,
1261 988 1391 1052 digni
1427 997 1540 1036 sunt
1575 990 1657 1053 qui

190 1056 375 1103 veniam
411 1057 690 1121 impetrent,
725 1086 793 1092 —
827 1074 969 1104 nemo
1007 1056 1133 1103 enim
1171 1073 1255 1103 sua
1291 1064 1461 1121 sponte
1496 1056 1545 1104 in
1583 1058 1654 1105 af-

190 1123 316 1172 flicta
370 1126 639 1174 conditione
683 1127 810 1191 jacet
843 1152 911 1159 —
945 1125 1027 1188 qui
1063 1142 1171 1171 vero
1207 1125 1421 1172 consulto
1458 1124 1655 1173 aberant

188 1193 319 1242 nullo
356 1195 497 1242 modo
540 1195 720 1261 ignosci
757 1202 960 1260 oportet3
996 1212 1093 1242 non
1131 1193 1257 1241 enim
1295 1202 1489 1259 propter
1526 1194 1651 1243 cala-

188 1262 426 1319 mitatem,
463 1265 546 1311 sed
581 1281 665 1329 per
699 1264 916 1310 fraudem
951 1264 1017 1310 ita
1054 1280 1104 1310 se
1132 1263 1369 1327 gerebant
1412 1262 1523 1310 Jam
1544 1281 1651 1311 vero

189 1346 421 1380 consensu
457 1333 668 1381 omnium
707 1332 955 1379 hominurn
985 1334 1063 1397 jus
1094 1332 1259 1397 fasque
1286 1349 1387 1378 esse
1413 1342 1651 1388 censetur,

188 1399 356 1447 eodem
392 1402 568 1448 scelere
602 1401 854 1448 commisso
892 1401 1098 1465 graviore
1126 1417 1280 1464 poena
1305 1400 1490 1448 afficere
1516 1418 1650 1456 eum,

187 1468 261 1513 cui
310 1468 544 1533 integrum
599 1469 742 1516 fuerit
783 1486 877 1516 non
913 1485 1129 1533 peccare,
1147 1469 1452 1545 pauperibus
1488 1477 1646 1517 autem

189 1544 237 1583 et
278 1554 472 1602 corpore
508 1537 722 1586 invalidis
757 1554 939 1616 poenae
975 1535 1303 1585 remissionem
1341 1536 1477 1589 dare:
1514 1537 1647 1585 inviti

187 1605 314 1653 enim
374 1607 649 1673 delinquere
703 1606 1044 1653 existimantur.
1113 1604 1209 1651 Iste
1260 1606 1403 1671 igitur
1454 1624 1646 1671 prorsus

187 1681 258 1721 est
310 1675 556 1741 indignus,
610 1676 691 1741 qui
729 1676 915 1722 veniam
949 1676 1195 1740 impetret,
1228 1692 1385 1739 neque
1423 1675 1548 1721 enim
1586 1676 1646 1722 ad

185 1740 369 1791 labores
405 1745 709 1809 perferendos
745 1744 933 1791 infirma
958 1743 1163 1808 corporis
1187 1743 1455 1790 valetudine
1476 1745 1645 1800 utitur,

185 1818 238 1858 ut
274 1820 320 1859 et
354 1811 445 1878 ipsi
481 1812 671 1868 videtis,
706 1828 861 1876 neque
897 1829 947 1859 re
982 1812 1200 1859 familiari
1236 1813 1294 1860 ad
1333 1821 1552 1877 sumptus
1571 1814 1644 1860 fa-

185 1880 377 1928 ciendos
429 1899 597 1947 parum
650 1881 821 1928 idonea
863 1890 917 1927 ut
961 1897 1052 1945 ego,
1092 1880 1285 1944 planum
1330 1899 1384 1928 ac
1419 1890 1645 1929 testatum

183 1949 364 1999 faciam.
437 1949 533 2003 Qui
580 1950 722 2014 igitur
766 1958 996 2012 quantum
1033 1950 1257 2013 prodesse
1293 1958 1503 2014 poterat,
1538 1959 1646 1998 tan-

183 2025 285 2063 tum
323 2034 517 2081 pravum
554 2034 604 2065 se
641 2016 879 2082 praebuit,
915 2033 1008 2080 quo
1044 2018 1236 2064 tandem
1262 2026 1398 2081 pacto
1424 2035 1519 2065 non
1539 2020 1646 2084 jure

183 2085 396 2134 omnium
432 2094 638 2135 vestrum
676 2086 783 2133 odio
820 2085 1124 2132 obrueretur?
1184 2085 1247 2131 At
1282 2100 1392 2132 vero
1418 2085 1545 2134 hunc
1568 2104 1645 2133 re-

183 2154 436 2219 probantes
473 2154 635 2203 odium
671 2154 847 2202 nullius
884 2154 993 2202 civis
1029 2154 1077 2200 in
1110 2170 1190 2201 vos
1224 2155 1524 2209 convertetis;
1548 2173 1645 2203 non

185 2223 312 2270 enim
349 2224 702 2271 alteramutram
739 2222 1069 2270 tantummodo
1105 2232 1312 2286 partem,
1353 2224 1436 2270 sed
1462 2233 1644 2271 utram-

183 2306 277 2355 que
331 2307 439 2339 eum
496 2292 758 2356 prodidisse
812 2299 1019 2345 constat,
1065 2307 1158 2355 quo
1196 2291 1395 2340 efficitur
1430 2302 1482 2339 ut
1516 2292 1644 2340 haud

182 2360 325 2409 dubie
362 2376 517 2424 neque
554 2361 682 2425 apud
720 2377 799 2408 eos
836 2360 983 2426 gratia
1014 2359 1197 2414 floreat,
1234 2360 1314 2423 qui
1349 2361 1399 2407 in
1425 2361 1541 2408 urbe
1566 2379 1643 2408 re-

182 2438 482 2485 manserunt,
517 2446 672 2494 neque
709 2429 834 2494 apud
872 2427 1176 2481 Piraeenses,
1211 2428 1381 2491 quibus
1416 2446 1522 2476 cum
1550 2447 1644 2476 una

181 2498 334 2546 redire
376 2516 471 2546 non
520 2498 707 2545 curavit.
778 2495 919 2549 Quod
958 2504 1004 2542 et
1039 2495 1141 2560 ipse
1176 2495 1490 2562 interrogatus
1528 2515 1642 2545 con-

181 2568 404 2617 fiteretur.
476 2565 660 2619 Quodsi
693 2565 789 2613 ulla
823 2582 932 2630 pars
967 2564 1171 2629 supersit
1206 2564 1394 2621 civium,
1431 2566 1513 2631 qui
1537 2583 1642 2614 eas-

182 2636 292 2684 dem
328 2636 532 2685 rationes
568 2635 663 2683 sint
698 2635 868 2689 secuti,
906 2650 1012 2681 cum
1045 2632 1101 2680 iis
1127 2634 1342 2690 demum,
1366 2636 1405 2682 si
1431 2635 1643 2700 quando,

180 2706 308 2769 quod
344 2706 461 2753 deus
496 2712 693 2759 avertat,
725 2702 1010 2769 reipublicae
1046 2719 1265 2767 praeesse
1302 2704 1565 2771 coeperint,
1590 2715 1644 2753 ut

179 2790 379 2824 munere
410 2773 645 2824 senatorio
680 2771 928 2842 fungatur,
963 2771 1183 2839 postulet.

1695 663 1735 692 10

1685 1138 1723 1170 11

1680 1620 1685 1649 1
1704 1620 1722 1650 2

1673 2100 1717 2131 13

1671 2581 1712 2613 ’14
