<?xml version="1.0" encoding="UTF-8"?>
<!DOCTYPE html PUBLIC "-//W3C//DTD XHTML 1.0 Transitional//EN"
    "http://www.w3.org/TR/xhtml1/DTD/xhtml1-transitional.dtd">
<html xmlns="http://www.w3.org/1999/xhtml" xml:lang="en" lang="en">
 <head>
  <title>
</title>
<meta http-equiv="Content-Type" content="text/html;charset=utf-8" />
  <meta name='ocr-system' content='tesseract 3.04.00' />
  <meta name='ocr-capabilities' content='ocr_page ocr_carea ocr_par ocr_line ocrx_word'/>
</head>
<body>
  <div class='ocr_page' id='page_1' title='image "4630629_0025.png"; bbox 0 0 1843 2987; ppageno 0'>
   <div class='ocr_carea' id='block_1_1' title="bbox 248 234 297 269">
    <p class='ocr_par' dir='ltr' id='par_1_1' title="bbox 248 234 297 269">
     <span class='ocr_line' id='line_1_1' title="bbox 248 234 297 269; baseline 0 0"><span class='ocrx_word' id='word_1_1' title='bbox 248 234 297 269; x_wconf 75' lang='lat'>20</span> 
     </span>
    </p>
   </div>
   <div class='ocr_carea' id='block_1_2' title="bbox 238 328 1713 2745">
    <p class='ocr_par' dir='ltr' id='par_1_2' title="bbox 242 328 1713 935">
     <span class='ocr_line' id='line_1_2' title="bbox 360 328 1712 385; baseline 0 -14"><span class='ocrx_word' id='word_1_2' title='bbox 360 329 690 383; x_wconf 69' lang='grc' dir='ltr'><strong><em>ἐπιθυμοῦντας</em></strong></span> <span class='ocrx_word' id='word_1_3' title='bbox 720 330 900 382; x_wconf 66' lang='grc' dir='ltr'><em>τούτους</em></span> <span class='ocrx_word' id='word_1_4' title='bbox 931 344 1008 385; x_wconf 91' lang='lat' dir='ltr'>quo</span> <span class='ocrx_word' id='word_1_5' title='bbox 1039 328 1195 371; x_wconf 81' lang='grc' dir='ltr'><em>τούτου</em></span> <span class='ocrx_word' id='word_1_6' title='bbox 1226 329 1474 371; x_wconf 83' lang='lat' dir='ltr'>referendum</span> <span class='ocrx_word' id='word_1_7' title='bbox 1507 331 1562 372; x_wconf 88' lang='lat' dir='ltr'>sit</span> <span class='ocrx_word' id='word_1_8' title='bbox 1585 330 1712 384; x_wconf 89' lang='lat' dir='ltr'>ignari</span> 
     </span>
     <span class='ocr_line' id='line_1_3' title="bbox 245 399 1713 455; baseline -0.001 -14"><span class='ocrx_word' id='word_1_9' title='bbox 245 400 501 455; x_wconf 80' lang='lat' dir='ltr'>interpretes,</span> <span class='ocrx_word' id='word_1_10' title='bbox 534 404 578 440; x_wconf 91' lang='lat' dir='ltr'>ut</span> <span class='ocrx_word' id='word_1_11' title='bbox 608 401 732 441; x_wconf 89' lang='lat' dir='ltr'>verba</span> <span class='ocrx_word' id='word_1_12' title='bbox 771 402 970 454; x_wconf 87' lang='lat' dir='ltr'>explicare</span> <span class='ocrx_word' id='word_1_13' title='bbox 1002 401 1181 454; x_wconf 84' lang='lat' dir='ltr'>possint,</span> <span class='ocrx_word' id='word_1_14' title='bbox 1213 399 1280 440; x_wconf 90' lang='lat' dir='ltr'>alii</span> <span class='ocrx_word' id='word_1_15' title='bbox 1315 400 1365 441; x_wconf 87' lang='lat' dir='ltr'>ad</span> <span class='ocrx_word' id='word_1_16' title='bbox 1399 400 1502 440; x_wconf 86' lang='lat' dir='ltr'>alias</span> <span class='ocrx_word' id='word_1_17' title='bbox 1534 401 1713 442; x_wconf 91' lang='lat' dir='ltr'>rationes</span> 
     </span>
     <span class='ocr_line' id='line_1_4' title="bbox 246 466 1713 521; baseline -0.001 -13"><span class='ocrx_word' id='word_1_18' title='bbox 246 468 484 521; x_wconf 84' lang='lat' dir='ltr'>confugiunt.</span> <span class='ocrx_word' id='word_1_19' title='bbox 547 469 719 521; x_wconf 89' lang='lat' dir='ltr'>Conjicit</span> <span class='ocrx_word' id='word_1_20' title='bbox 763 471 1050 511; x_wconf 88' lang='lat' dir='ltr'>Marklandus:</span> <span class='ocrx_word' id='word_1_21' title='bbox 1100 468 1433 521; x_wconf 67' lang='grc' dir='ltr'>ἐπιθυμοῦντας</span> <span class='ocrx_word' id='word_1_22' title='bbox 1476 469 1555 508; x_wconf 85' lang='grc' dir='ltr'>τοῦ</span> <span class='ocrx_word' id='word_1_23' title='bbox 1588 466 1713 519; x_wconf 82' lang='grc' dir='ltr'><em>ἴσου,</em></span> 
     </span>
     <span class='ocr_line' id='line_1_5' title="bbox 245 538 1713 592; baseline 0.001 -14"><span class='ocrx_word' id='word_1_24' title='bbox 245 538 529 591; x_wconf 85' lang='lat' dir='ltr'>“aequalitatis</span> <span class='ocrx_word' id='word_1_25' title='bbox 561 539 745 591; x_wconf 87' lang='lat' dir='ltr'>cupidos,</span> <span class='ocrx_word' id='word_1_26' title='bbox 777 553 853 580; x_wconf 93' lang='lat' dir='ltr'>non</span> <span class='ocrx_word' id='word_1_27' title='bbox 886 539 1015 580; x_wconf 90' lang='lat' dir='ltr'>solum</span> <span class='ocrx_word' id='word_1_28' title='bbox 1049 539 1239 587; x_wconf 83' lang='lat' dir='ltr'>ferentes,</span> <span class='ocrx_word' id='word_1_29' title='bbox 1271 540 1340 581; x_wconf 89' lang='lat' dir='ltr'>sed</span> <span class='ocrx_word' id='word_1_30' title='bbox 1365 539 1568 592; x_wconf 84' lang='lat' dir='ltr'>cupientes</span> <span class='ocrx_word' id='word_1_31' title='bbox 1590 538 1713 580; x_wconf 85' lang='lat' dir='ltr'>etiam</span> 
     </span>
     <span class='ocr_line' id='line_1_6' title="bbox 245 607 1713 661; baseline 0.002 -16"><span class='ocrx_word' id='word_1_32' title='bbox 245 619 371 658; x_wconf 86' lang='lat' dir='ltr'>aequo</span> <span class='ocrx_word' id='word_1_33' title='bbox 397 607 486 658; x_wconf 87' lang='lat' dir='ltr'>jure</span> <span class='ocrx_word' id='word_1_34' title='bbox 517 620 602 646; x_wconf 90' lang='lat' dir='ltr'>esse</span> <span class='ocrx_word' id='word_1_35' title='bbox 635 620 719 647; x_wconf 89' lang='lat' dir='ltr'>cum</span> <span class='ocrx_word' id='word_1_36' title='bbox 752 608 913 660; x_wconf 90' lang='lat' dir='ltr'>reliquis</span> <span class='ocrx_word' id='word_1_37' title='bbox 937 608 1139 660; x_wconf 88' lang='lat' dir='ltr'>civibus,“</span> <span class='ocrx_word' id='word_1_38' title='bbox 1160 620 1262 659; x_wconf 91' lang='lat' dir='ltr'>quae</span> <span class='ocrx_word' id='word_1_39' title='bbox 1286 608 1566 661; x_wconf 87' lang='lat' dir='ltr'>interpretatio</span> <span class='ocrx_word' id='word_1_40' title='bbox 1592 621 1713 661; x_wconf 87' lang='lat' dir='ltr'>prae-</span> 
     </span>
     <span class='ocr_line' id='line_1_7' title="bbox 244 676 1711 732; baseline 0.003 -17"><span class='ocrx_word' id='word_1_41' title='bbox 244 680 426 728; x_wconf 88' lang='lat' dir='ltr'>terquam</span> <span class='ocrx_word' id='word_1_42' title='bbox 473 677 577 728; x_wconf 91' lang='lat' dir='ltr'>quod</span> <span class='ocrx_word' id='word_1_43' title='bbox 609 689 686 717; x_wconf 92' lang='lat' dir='ltr'>non</span> <span class='ocrx_word' id='word_1_44' title='bbox 720 689 818 729; x_wconf 90' lang='lat' dir='ltr'>opus</span> <span class='ocrx_word' id='word_1_45' title='bbox 850 681 932 731; x_wconf 79' lang='lat' dir='ltr'>est,</span> <span class='ocrx_word' id='word_1_46' title='bbox 965 676 1199 717; x_wconf 85' lang='lat' dir='ltr'>arcessitum</span> <span class='ocrx_word' id='word_1_47' title='bbox 1231 678 1354 718; x_wconf 86' lang='lat' dir='ltr'>etiam</span> <span class='ocrx_word' id='word_1_48' title='bbox 1388 678 1539 732; x_wconf 92' lang='lat' dir='ltr'>aliquid</span> <span class='ocrx_word' id='word_1_49' title='bbox 1572 677 1711 720; x_wconf 89' lang='lat' dir='ltr'>habet.</span> 
     </span>
     <span class='ocr_line' id='line_1_8' title="bbox 244 744 1711 799; baseline 0.002 -15"><span class='ocrx_word' id='word_1_50' title='bbox 244 744 303 784; x_wconf 89' lang='lat' dir='ltr'>Ut</span> <span class='ocrx_word' id='word_1_51' title='bbox 348 745 442 786; x_wconf 90' lang='lat' dir='ltr'>mihi</span> <span class='ocrx_word' id='word_1_52' title='bbox 480 746 636 798; x_wconf 91' lang='lat' dir='ltr'>quidem</span> <span class='ocrx_word' id='word_1_53' title='bbox 670 746 845 794; x_wconf 89' lang='lat' dir='ltr'>videtur,</span> <span class='ocrx_word' id='word_1_54' title='bbox 877 746 1077 786; x_wconf 88' lang='lat' dir='ltr'>sententia</span> <span class='ocrx_word' id='word_1_55' title='bbox 1108 746 1231 799; x_wconf 86' lang='lat' dir='ltr'>plana</span> <span class='ocrx_word' id='word_1_56' title='bbox 1263 751 1325 786; x_wconf 85' lang='lat' dir='ltr'>est</span> <span class='ocrx_word' id='word_1_57' title='bbox 1363 752 1487 799; x_wconf 90' lang='lat' dir='ltr'>atque</span> <span class='ocrx_word' id='word_1_58' title='bbox 1524 749 1711 796; x_wconf 80' lang='lat' dir='ltr'>evidens3</span> 
     </span>
     <span class='ocr_line' id='line_1_9' title="bbox 242 809 1712 870; baseline 0.003 -17"><span class='ocrx_word' id='word_1_59' title='bbox 242 811 397 854; x_wconf 82' lang='grc' dir='ltr'><em>τούτου</em></span> <span class='ocrx_word' id='word_1_60' title='bbox 433 820 494 855; x_wconf 90' lang='lat' dir='ltr'>est</span> <span class='ocrx_word' id='word_1_61' title='bbox 535 812 613 855; x_wconf 77' lang='grc' dir='ltr'>τού</span> <span class='ocrx_word' id='word_1_62' title='bbox 648 814 831 862; x_wconf 75' lang='grc' dir='ltr'><em>πολίτας</em></span> <span class='ocrx_word' id='word_1_63' title='bbox 861 809 994 866; x_wconf 81' lang='grc' dir='ltr'><em>εἶναι,</em></span> <span class='ocrx_word' id='word_1_64' title='bbox 1030 830 1109 870; x_wconf 89' lang='lat' dir='ltr'>qua</span> <span class='ocrx_word' id='word_1_65' title='bbox 1140 816 1474 869; x_wconf 82' lang='lat' dir='ltr'>interpretatione</span> <span class='ocrx_word' id='word_1_66' title='bbox 1506 817 1619 858; x_wconf 88' lang='lat' dir='ltr'>nulla</span> <span class='ocrx_word' id='word_1_67' title='bbox 1649 822 1712 858; x_wconf 91' lang='lat' dir='ltr'>est</span> 
     </span>
     <span class='ocr_line' id='line_1_10' title="bbox 243 883 848 935; baseline 0.003 -12"><span class='ocrx_word' id='word_1_68' title='bbox 243 896 314 923; x_wconf 91' lang='lat' dir='ltr'>nec</span> <span class='ocrx_word' id='word_1_69' title='bbox 343 883 561 935; x_wconf 85' lang='lat' dir='ltr'>simplicior</span> <span class='ocrx_word' id='word_1_70' title='bbox 591 897 662 925; x_wconf 92' lang='lat' dir='ltr'>nec</span> <span class='ocrx_word' id='word_1_71' title='bbox 692 885 848 925; x_wconf 89' lang='lat' dir='ltr'>rectior.</span> 
     </span>
    </p>

    <p class='ocr_par' dir='ltr' id='par_1_3' title="bbox 358 947 1186 1008">
     <span class='ocr_line' id='line_1_11' title="bbox 358 947 1186 1008; baseline 0.004 -15"><span class='ocrx_word' id='word_1_72' title='bbox 358 947 505 1007; x_wconf 73' lang='grc' dir='ltr'><strong><em>ὥσπερ</em></strong></span> <span class='ocrx_word' id='word_1_73' title='bbox 537 954 629 1004; x_wconf 84' lang='grc' dir='ltr'><em>καί,</em></span> <span class='ocrx_word' id='word_1_74' title='bbox 661 954 762 1008; x_wconf 92' lang='lat' dir='ltr'>insp.</span> <span class='ocrx_word' id='word_1_75' title='bbox 797 955 869 996; x_wconf 89' lang='lat' dir='ltr'>Kr.</span> <span class='ocrx_word' id='word_1_76' title='bbox 900 954 976 1005; x_wconf 89' lang='grc'>69,</span> <span class='ocrx_word' id='word_1_77' title='bbox 1009 956 1084 1004; x_wconf 88' lang='grc'>32,</span> <span class='ocrx_word' id='word_1_78' title='bbox 1120 954 1186 996; x_wconf 91' lang='grc'>13.</span> 
     </span>
    </p>

    <p class='ocr_par' dir='ltr' id='par_1_4' title="bbox 238 1020 1711 1285">
     <span class='ocr_line' id='line_1_12' title="bbox 357 1020 1710 1078; baseline 0.001 -16"><span class='ocrx_word' id='word_1_79' title='bbox 357 1020 384 1077; x_wconf 68' lang='grc' dir='ltr'>ξ</span> <span class='ocrx_word' id='word_1_80' title='bbox 425 1021 463 1063; x_wconf 90' lang='grc'>6.</span> <span class='ocrx_word' id='word_1_81' title='bbox 527 1021 642 1068; x_wconf 82' lang='lat' dir='ltr'>Quae</span> <span class='ocrx_word' id='word_1_82' title='bbox 682 1024 718 1063; x_wconf 92' lang='lat' dir='ltr'>in</span> <span class='ocrx_word' id='word_1_83' title='bbox 756 1024 956 1065; x_wconf 88' lang='lat' dir='ltr'>nonnullis</span> <span class='ocrx_word' id='word_1_84' title='bbox 988 1025 1100 1066; x_wconf 88' lang='lat' dir='ltr'>libris</span> <span class='ocrx_word' id='word_1_85' title='bbox 1133 1025 1318 1078; x_wconf 86' lang='lat' dir='ltr'>leguntur</span> <span class='ocrx_word' id='word_1_86' title='bbox 1349 1025 1474 1065; x_wconf 90' lang='lat' dir='ltr'>verba</span> <span class='ocrx_word' id='word_1_87' title='bbox 1507 1023 1583 1064; x_wconf 85' lang='grc' dir='ltr'>καί</span> <span class='ocrx_word' id='word_1_88' title='bbox 1610 1021 1710 1077; x_wconf 77' lang='grc' dir='ltr'><em>γάρ,</em></span> 
     </span>
     <span class='ocr_line' id='line_1_13' title="bbox 244 1092 1710 1148; baseline 0.001 -17"><span class='ocrx_word' id='word_1_89' title='bbox 244 1097 288 1132; x_wconf 91' lang='lat' dir='ltr'>ut</span> <span class='ocrx_word' id='word_1_90' title='bbox 334 1104 434 1145; x_wconf 90' lang='lat' dir='ltr'>quae</span> <span class='ocrx_word' id='word_1_91' title='bbox 480 1105 504 1132; x_wconf 90' lang='lat' dir='ltr'>a</span> <span class='ocrx_word' id='word_1_92' title='bbox 534 1092 734 1133; x_wconf 88' lang='lat' dir='ltr'>sententia</span> <span class='ocrx_word' id='word_1_93' title='bbox 766 1093 1046 1143; x_wconf 89' lang='lat' dir='ltr'>abhorrerent,</span> <span class='ocrx_word' id='word_1_94' title='bbox 1077 1094 1213 1148; x_wconf 89' lang='lat' dir='ltr'>rejeci,</span> <span class='ocrx_word' id='word_1_95' title='bbox 1247 1093 1445 1147; x_wconf 90' lang='lat' dir='ltr'>plerisque</span> <span class='ocrx_word' id='word_1_96' title='bbox 1477 1093 1710 1134; x_wconf 89' lang='lat' dir='ltr'>auctoribus</span> 
     </span>
     <span class='ocr_line' id='line_1_14' title="bbox 242 1156 1711 1217; baseline 0.001 -17"><span class='ocrx_word' id='word_1_97' title='bbox 242 1156 339 1200; x_wconf 77' lang='grc' dir='ltr'><em>ὅσοι</em></span> <span class='ocrx_word' id='word_1_98' title='bbox 371 1161 418 1201; x_wconf 81' lang='grc' dir='ltr'>δέ</span> <span class='ocrx_word' id='word_1_99' title='bbox 446 1162 657 1213; x_wconf 83' lang='lat' dir='ltr'>recipiens,</span> <span class='ocrx_word' id='word_1_100' title='bbox 692 1161 835 1214; x_wconf 90' lang='lat' dir='ltr'>quibus</span> <span class='ocrx_word' id='word_1_101' title='bbox 869 1164 1001 1204; x_wconf 91' lang='lat' dir='ltr'>verbis</span> <span class='ocrx_word' id='word_1_102' title='bbox 1025 1165 1124 1204; x_wconf 90' lang='lat' dir='ltr'>haec</span> <span class='ocrx_word' id='word_1_103' title='bbox 1144 1165 1346 1204; x_wconf 89' lang='lat' dir='ltr'>sententia</span> <span class='ocrx_word' id='word_1_104' title='bbox 1367 1164 1490 1217; x_wconf 87' lang='lat' dir='ltr'>priori</span> <span class='ocrx_word' id='word_1_105' title='bbox 1515 1160 1711 1212; x_wconf 76' lang='grc' dir='ltr'>(τούτους</span> 
     </span>
     <span class='ocr_line' id='line_1_15' title="bbox 238 1230 929 1285; baseline 0.001 -13"><span class='ocrx_word' id='word_1_106' title='bbox 238 1233 319 1284; x_wconf 81' lang='grc' dir='ltr'>μέν</span> <span class='ocrx_word' id='word_1_107' title='bbox 349 1232 435 1277; x_wconf 61' lang='lat' dir='ltr'>acce)</span> <span class='ocrx_word' id='word_1_108' title='bbox 469 1230 671 1272; x_wconf 89' lang='lat' dir='ltr'>contraria</span> <span class='ocrx_word' id='word_1_109' title='bbox 701 1233 929 1285; x_wconf 89' lang='lat' dir='ltr'>opponitur.</span> 
     </span>
    </p>

    <p class='ocr_par' dir='ltr' id='par_1_5' title="bbox 239 1298 1711 2396">
     <span class='ocr_line' id='line_1_16' title="bbox 354 1298 1708 1356; baseline -0.001 -15"><span class='ocrx_word' id='word_1_110' title='bbox 354 1301 380 1352; x_wconf 70' lang='grc' dir='ltr'>ξ</span> <span class='ocrx_word' id='word_1_111' title='bbox 413 1301 450 1341; x_wconf 90' lang='grc'>8.</span> <span class='ocrx_word' id='word_1_112' title='bbox 510 1298 536 1356; x_wconf 79' lang='grc' dir='ltr'><em>ἡ</em></span> <span class='ocrx_word' id='word_1_113' title='bbox 571 1300 780 1354; x_wconf 77' lang='grc' dir='ltr'><em>συμφορά</em></span> <span class='ocrx_word' id='word_1_114' title='bbox 810 1307 969 1355; x_wconf 89' lang='lat' dir='ltr'>spectat</span> <span class='ocrx_word' id='word_1_115' title='bbox 1000 1304 1052 1344; x_wconf 86' lang='lat' dir='ltr'>ad</span> <span class='ocrx_word' id='word_1_116' title='bbox 1085 1303 1237 1345; x_wconf 87' lang='lat' dir='ltr'>cladem</span> <span class='ocrx_word' id='word_1_117' title='bbox 1271 1302 1402 1355; x_wconf 91' lang='lat' dir='ltr'>illum,</span> <span class='ocrx_word' id='word_1_118' title='bbox 1430 1315 1550 1355; x_wconf 85' lang='lat' dir='ltr'>quarn</span> <span class='ocrx_word' id='word_1_119' title='bbox 1574 1301 1708 1340; x_wconf 88' lang='lat' dir='ltr'>Laee-</span> 
     </span>
     <span class='ocr_line' id='line_1_17' title="bbox 241 1370 1709 1426; baseline -0.001 -15"><span class='ocrx_word' id='word_1_120' title='bbox 241 1370 437 1411; x_wconf 88' lang='lat' dir='ltr'>daemonii</span> <span class='ocrx_word' id='word_1_121' title='bbox 484 1371 590 1423; x_wconf 86' lang='lat' dir='ltr'>apud</span> <span class='ocrx_word' id='word_1_122' title='bbox 638 1383 758 1423; x_wconf 86' lang='lat' dir='ltr'>aegos</span> <span class='ocrx_word' id='word_1_123' title='bbox 804 1371 949 1412; x_wconf 89' lang='lat' dir='ltr'>flumen</span> <span class='ocrx_word' id='word_1_124' title='bbox 998 1373 1096 1413; x_wconf 88' lang='lat' dir='ltr'>duee</span> <span class='ocrx_word' id='word_1_125' title='bbox 1141 1371 1356 1426; x_wconf 85' lang='lat' dir='ltr'>Lysandro</span> <span class='ocrx_word' id='word_1_126' title='bbox 1389 1370 1709 1411; x_wconf 85' lang='lat' dir='ltr'>Atheniensibus</span> 
     </span>
     <span class='ocr_line' id='line_1_18' title="bbox 240 1440 1711 1491; baseline 0 -12"><span class='ocrx_word' id='word_1_127' title='bbox 240 1440 477 1488; x_wconf 87' lang='lat' dir='ltr'>intulerunt;</span> <span class='ocrx_word' id='word_1_128' title='bbox 525 1452 602 1491; x_wconf 93' lang='lat' dir='ltr'>quo</span> <span class='ocrx_word' id='word_1_129' title='bbox 649 1440 754 1479; x_wconf 83' lang='lat' dir='ltr'>facto</span> <span class='ocrx_word' id='word_1_130' title='bbox 796 1441 924 1481; x_wconf 87' lang='lat' dir='ltr'>forma.</span> <span class='ocrx_word' id='word_1_131' title='bbox 957 1442 1133 1482; x_wconf 85' lang='lat' dir='ltr'>civitatis</span> <span class='ocrx_word' id='word_1_132' title='bbox 1165 1441 1426 1482; x_wconf 85' lang='lat' dir='ltr'>Atheniensis</span> <span class='ocrx_word' id='word_1_133' title='bbox 1458 1441 1518 1480; x_wconf 88' lang='lat' dir='ltr'>ita</span> <span class='ocrx_word' id='word_1_134' title='bbox 1550 1444 1711 1479; x_wconf 83' lang='lat' dir='ltr'>mutata</span> 
     </span>
     <span class='ocr_line' id='line_1_19' title="bbox 240 1508 1710 1563; baseline -0.001 -14"><span class='ocrx_word' id='word_1_135' title='bbox 240 1515 320 1557; x_wconf 90' lang='lat' dir='ltr'>est,</span> <span class='ocrx_word' id='word_1_136' title='bbox 351 1514 392 1549; x_wconf 93' lang='lat' dir='ltr'>ut</span> <span class='ocrx_word' id='word_1_137' title='bbox 425 1509 590 1561; x_wconf 87' lang='lat' dir='ltr'>triginta</span> <span class='ocrx_word' id='word_1_138' title='bbox 621 1508 694 1549; x_wconf 87' lang='lat' dir='ltr'>viri</span> <span class='ocrx_word' id='word_1_139' title='bbox 727 1521 854 1550; x_wconf 88' lang='lat' dir='ltr'>rerum</span> <span class='ocrx_word' id='word_1_140' title='bbox 879 1511 1115 1563; x_wconf 89' lang='lat' dir='ltr'>potirentur.</span> <span class='ocrx_word' id='word_1_141' title='bbox 1155 1508 1235 1554; x_wconf 86' lang='lat' dir='ltr'>Qui</span> <span class='ocrx_word' id='word_1_142' title='bbox 1262 1521 1382 1562; x_wconf 91' lang='lat' dir='ltr'>quum</span> <span class='ocrx_word' id='word_1_143' title='bbox 1408 1509 1532 1550; x_wconf 88' lang='lat' dir='ltr'>creati</span> <span class='ocrx_word' id='word_1_144' title='bbox 1555 1512 1710 1556; x_wconf 87' lang='lat' dir='ltr'>essent,</span> 
     </span>
     <span class='ocr_line' id='line_1_20' title="bbox 240 1577 1706 1631; baseline -0.001 -13"><span class='ocrx_word' id='word_1_145' title='bbox 240 1584 284 1618; x_wconf 92' lang='lat' dir='ltr'>ut</span> <span class='ocrx_word' id='word_1_146' title='bbox 329 1578 577 1629; x_wconf 87' lang='lat' dir='ltr'>disciplinam</span> <span class='ocrx_word' id='word_1_147' title='bbox 626 1578 802 1618; x_wconf 88' lang='lat' dir='ltr'>civitatis</span> <span class='ocrx_word' id='word_1_148' title='bbox 841 1580 1145 1627; x_wconf 86' lang='lat' dir='ltr'>constituerent,</span> <span class='ocrx_word' id='word_1_149' title='bbox 1180 1580 1286 1620; x_wconf 90' lang='lat' dir='ltr'>omni</span> <span class='ocrx_word' id='word_1_150' title='bbox 1324 1583 1527 1631; x_wconf 84' lang='lat' dir='ltr'>potestate</span> <span class='ocrx_word' id='word_1_151' title='bbox 1556 1577 1706 1629; x_wconf 88' lang='lat' dir='ltr'>populo</span> 
     </span>
     <span class='ocr_line' id='line_1_21' title="bbox 241 1647 1707 1702; baseline -0.002 -14"><span class='ocrx_word' id='word_1_152' title='bbox 241 1649 423 1688; x_wconf 87' lang='lat' dir='ltr'>detracta</span> <span class='ocrx_word' id='word_1_153' title='bbox 467 1647 678 1688; x_wconf 87' lang='lat' dir='ltr'>crudeliter</span> <span class='ocrx_word' id='word_1_154' title='bbox 724 1661 766 1688; x_wconf 86' lang='lat' dir='ltr'>se</span> <span class='ocrx_word' id='word_1_155' title='bbox 812 1648 982 1699; x_wconf 88' lang='lat' dir='ltr'>gerendo</span> <span class='ocrx_word' id='word_1_156' title='bbox 1031 1649 1213 1689; x_wconf 89' lang='lat' dir='ltr'>meritum</span> <span class='ocrx_word' id='word_1_157' title='bbox 1267 1653 1530 1702; x_wconf 84' lang='lat' dir='ltr'>tyrannorum</span> <span class='ocrx_word' id='word_1_158' title='bbox 1564 1657 1707 1686; x_wconf 91' lang='lat' dir='ltr'>nomen</span> 
     </span>
     <span class='ocr_line' id='line_1_22' title="bbox 240 1716 1705 1771; baseline -0.003 -12"><span class='ocrx_word' id='word_1_159' title='bbox 240 1717 376 1771; x_wconf 87' lang='lat' dir='ltr'>adepti</span> <span class='ocrx_word' id='word_1_160' title='bbox 406 1721 510 1758; x_wconf 90' lang='lat' dir='ltr'>sunt.</span> <span class='ocrx_word' id='word_1_161' title='bbox 569 1717 614 1757; x_wconf 93' lang='lat' dir='ltr'>In</span> <span class='ocrx_word' id='word_1_162' title='bbox 648 1716 886 1758; x_wconf 88' lang='lat' dir='ltr'>altissimum</span> <span class='ocrx_word' id='word_1_163' title='bbox 920 1718 1121 1771; x_wconf 79' lang='lat' dir='ltr'>fastigium</span> <span class='ocrx_word' id='word_1_164' title='bbox 1154 1723 1294 1759; x_wconf 85' lang='lat' dir='ltr'>evecta</span> <span class='ocrx_word' id='word_1_165' title='bbox 1322 1722 1384 1757; x_wconf 93' lang='lat' dir='ltr'>est</span> <span class='ocrx_word' id='word_1_166' title='bbox 1413 1716 1603 1769; x_wconf 86' lang='lat' dir='ltr'>superbia</span> <span class='ocrx_word' id='word_1_167' title='bbox 1634 1728 1705 1756; x_wconf 88' lang='lat' dir='ltr'>eo·-</span> 
     </span>
     <span class='ocr_line' id='line_1_23' title="bbox 239 1785 1706 1839; baseline -0.002 -12"><span class='ocrx_word' id='word_1_168' title='bbox 239 1801 345 1835; x_wconf 89' lang='lat' dir='ltr'>rum,</span> <span class='ocrx_word' id='word_1_169' title='bbox 392 1800 510 1839; x_wconf 89' lang='lat' dir='ltr'>quum</span> <span class='ocrx_word' id='word_1_170' title='bbox 558 1787 808 1827; x_wconf 84' lang='lat' dir='ltr'>Theramene</span> <span class='ocrx_word' id='word_1_171' title='bbox 839 1787 1046 1828; x_wconf 87' lang='lat' dir='ltr'>interfecto</span> <span class='ocrx_word' id='word_1_172' title='bbox 1081 1788 1258 1827; x_wconf 86' lang='lat' dir='ltr'>maxima</span> <span class='ocrx_word' id='word_1_173' title='bbox 1288 1786 1527 1827; x_wconf 87' lang='lat' dir='ltr'>crudelitate</span> <span class='ocrx_word' id='word_1_174' title='bbox 1559 1785 1597 1825; x_wconf 91' lang='lat' dir='ltr'>in</span> <span class='ocrx_word' id='word_1_175' title='bbox 1631 1785 1706 1824; x_wconf 92' lang='lat' dir='ltr'>ho-</span> 
     </span>
     <span class='ocr_line' id='line_1_24' title="bbox 241 1853 1705 1910; baseline -0.003 -14"><span class='ocrx_word' id='word_1_176' title='bbox 241 1857 364 1897; x_wconf 90' lang='lat' dir='ltr'>mines</span> <span class='ocrx_word' id='word_1_177' title='bbox 410 1856 573 1896; x_wconf 86' lang='lat' dir='ltr'>alterius</span> <span class='ocrx_word' id='word_1_178' title='bbox 620 1854 803 1897; x_wconf 85' lang='lat' dir='ltr'>factionis</span> <span class='ocrx_word' id='word_1_179' title='bbox 848 1857 1004 1897; x_wconf 86' lang='lat' dir='ltr'>saevire</span> <span class='ocrx_word' id='word_1_180' title='bbox 1052 1862 1286 1910; x_wconf 90' lang='lat' dir='ltr'>coeperunt,</span> <span class='ocrx_word' id='word_1_181' title='bbox 1325 1856 1391 1909; x_wconf 90' lang='lat' dir='ltr'>qui</span> <span class='ocrx_word' id='word_1_182' title='bbox 1424 1854 1554 1895; x_wconf 84' lang='lat' dir='ltr'>causis</span> <span class='ocrx_word' id='word_1_183' title='bbox 1587 1853 1705 1893; x_wconf 91' lang='lat' dir='ltr'>modo</span> 
     </span>
     <span class='ocr_line' id='line_1_25' title="bbox 241 1923 1704 1978; baseline -0.001 -15"><span class='ocrx_word' id='word_1_184' title='bbox 241 1924 405 1977; x_wconf 86' lang='lat' dir='ltr'>cognitis</span> <span class='ocrx_word' id='word_1_185' title='bbox 451 1926 568 1965; x_wconf 92' lang='lat' dir='ltr'>modo</span> <span class='ocrx_word' id='word_1_186' title='bbox 607 1925 817 1977; x_wconf 88' lang='lat' dir='ltr'>incognitis</span> <span class='ocrx_word' id='word_1_187' title='bbox 848 1927 995 1978; x_wconf 85' lang='lat' dir='ltr'>partim</span> <span class='ocrx_word' id='word_1_188' title='bbox 1027 1925 1222 1977; x_wconf 86' lang='lat' dir='ltr'>supplicio</span> <span class='ocrx_word' id='word_1_189' title='bbox 1254 1924 1398 1977; x_wconf 88' lang='lat' dir='ltr'>capitis</span> <span class='ocrx_word' id='word_1_190' title='bbox 1428 1923 1558 1963; x_wconf 85' lang='lat' dir='ltr'>affecti</span> <span class='ocrx_word' id='word_1_191' title='bbox 1590 1927 1704 1971; x_wconf 88' lang='lat' dir='ltr'>sunt,</span> 
     </span>
     <span class='ocr_line' id='line_1_26' title="bbox 241 1991 1703 2049; baseline -0.001 -15"><span class='ocrx_word' id='word_1_192' title='bbox 241 1994 386 2047; x_wconf 87' lang='lat' dir='ltr'>partim</span> <span class='ocrx_word' id='word_1_193' title='bbox 423 1994 535 2047; x_wconf 87' lang='lat' dir='ltr'>ejecti</span> <span class='ocrx_word' id='word_1_194' title='bbox 568 1992 982 2049; x_wconf 79' lang='grc' dir='ltr'><em>(ἐκκεκηρυγμὲνοι),</em></span> <span class='ocrx_word' id='word_1_195' title='bbox 1020 1995 1122 2036; x_wconf 89' lang='lat' dir='ltr'>alius</span> <span class='ocrx_word' id='word_1_196' title='bbox 1154 2008 1204 2036; x_wconf 85' lang='lat' dir='ltr'>ex</span> <span class='ocrx_word' id='word_1_197' title='bbox 1236 1994 1355 2043; x_wconf 88' lang='lat' dir='ltr'>urbe,</span> <span class='ocrx_word' id='word_1_198' title='bbox 1388 1993 1490 2034; x_wconf 86' lang='lat' dir='ltr'>alius</span> <span class='ocrx_word' id='word_1_199' title='bbox 1522 2005 1572 2033; x_wconf 87' lang='lat' dir='ltr'>ex</span> <span class='ocrx_word' id='word_1_200' title='bbox 1604 1991 1703 2033; x_wconf 79' lang='lat' dir='ltr'>eivi-</span> 
     </span>
     <span class='ocr_line' id='line_1_27' title="bbox 240 2062 1704 2117; baseline -0.001 -15"><span class='ocrx_word' id='word_1_201' title='bbox 240 2068 335 2103; x_wconf 89' lang='lat' dir='ltr'>tate.</span> <span class='ocrx_word' id='word_1_202' title='bbox 393 2063 478 2103; x_wconf 90' lang='lat' dir='ltr'>Nec</span> <span class='ocrx_word' id='word_1_203' title='bbox 523 2065 590 2106; x_wconf 92' lang='lat' dir='ltr'>diu</span> <span class='ocrx_word' id='word_1_204' title='bbox 631 2066 780 2106; x_wconf 86' lang='lat' dir='ltr'>mansit</span> <span class='ocrx_word' id='word_1_205' title='bbox 811 2078 939 2106; x_wconf 87' lang='lat' dir='ltr'>rerum</span> <span class='ocrx_word' id='word_1_206' title='bbox 973 2065 1044 2105; x_wconf 87' lang='lat' dir='ltr'>illa</span> <span class='ocrx_word' id='word_1_207' title='bbox 1074 2064 1351 2117; x_wconf 89' lang='lat' dir='ltr'>perturbatio;</span> <span class='ocrx_word' id='word_1_208' title='bbox 1382 2062 1551 2103; x_wconf 88' lang='lat' dir='ltr'>collecta</span> <span class='ocrx_word' id='word_1_209' title='bbox 1583 2073 1704 2101; x_wconf 86' lang='lat' dir='ltr'>manu</span> 
     </span>
     <span class='ocr_line' id='line_1_28' title="bbox 241 2130 1705 2189; baseline -0.002 -16"><span class='ocrx_word' id='word_1_210' title='bbox 241 2132 517 2187; x_wconf 90' lang='lat' dir='ltr'>Thrasybulus</span> <span class='ocrx_word' id='word_1_211' title='bbox 562 2134 739 2189; x_wconf 84' lang='lat' dir='ltr'>Phylen,</span> <span class='ocrx_word' id='word_1_212' title='bbox 786 2134 994 2176; x_wconf 87' lang='lat' dir='ltr'>castellum</span> <span class='ocrx_word' id='word_1_213' title='bbox 1040 2133 1228 2183; x_wconf 88' lang='lat' dir='ltr'>Atticae,</span> <span class='ocrx_word' id='word_1_214' title='bbox 1261 2137 1454 2187; x_wconf 87' lang='lat' dir='ltr'>occupat,</span> <span class='ocrx_word' id='word_1_215' title='bbox 1486 2136 1527 2172; x_wconf 92' lang='lat' dir='ltr'>et</span> <span class='ocrx_word' id='word_1_216' title='bbox 1558 2130 1705 2184; x_wconf 87' lang='lat' dir='ltr'>adjun-</span> 
     </span>
     <span class='ocr_line' id='line_1_29' title="bbox 240 2201 1703 2258; baseline -0.001 -17"><span class='ocrx_word' id='word_1_217' title='bbox 240 2203 313 2242; x_wconf 90' lang='lat' dir='ltr'>ctis</span> <span class='ocrx_word' id='word_1_218' title='bbox 363 2203 428 2255; x_wconf 92' lang='lat' dir='ltr'>qui</span> <span class='ocrx_word' id='word_1_219' title='bbox 474 2204 579 2245; x_wconf 85' lang='lat' dir='ltr'>exilii</span> <span class='ocrx_word' id='word_1_220' title='bbox 613 2217 735 2245; x_wconf 87' lang='lat' dir='ltr'>causa</span> <span class='ocrx_word' id='word_1_221' title='bbox 766 2205 895 2246; x_wconf 91' lang='lat' dir='ltr'>solum</span> <span class='ocrx_word' id='word_1_222' title='bbox 927 2209 1152 2258; x_wconf 88' lang='lat' dir='ltr'>verterant,</span> <span class='ocrx_word' id='word_1_223' title='bbox 1186 2204 1225 2244; x_wconf 89' lang='lat' dir='ltr'>in</span> <span class='ocrx_word' id='word_1_224' title='bbox 1258 2204 1445 2245; x_wconf 86' lang='lat' dir='ltr'>Piraeum</span> <span class='ocrx_word' id='word_1_225' title='bbox 1479 2201 1703 2248; x_wconf 86' lang='lat' dir='ltr'>descendit,</span> 
     </span>
     <span class='ocr_line' id='line_1_30' title="bbox 240 2272 1704 2327; baseline -0.001 -16"><span class='ocrx_word' id='word_1_226' title='bbox 240 2277 432 2325; x_wconf 87' lang='lat' dir='ltr'>tyrannos</span> <span class='ocrx_word' id='word_1_227' title='bbox 477 2273 643 2326; x_wconf 86' lang='lat' dir='ltr'>expellit</span> <span class='ocrx_word' id='word_1_228' title='bbox 672 2279 712 2314; x_wconf 91' lang='lat' dir='ltr'>et</span> <span class='ocrx_word' id='word_1_229' title='bbox 743 2274 781 2315; x_wconf 93' lang='lat' dir='ltr'>in</span> <span class='ocrx_word' id='word_1_230' title='bbox 815 2274 962 2315; x_wconf 86' lang='lat' dir='ltr'>multas</span> <span class='ocrx_word' id='word_1_231' title='bbox 994 2274 1178 2327; x_wconf 89' lang='lat' dir='ltr'>quamvis</span> <span class='ocrx_word' id='word_1_232' title='bbox 1210 2273 1469 2315; x_wconf 83' lang='lat' dir='ltr'>difficultates</span> <span class='ocrx_word' id='word_1_233' title='bbox 1500 2272 1704 2312; x_wconf 88' lang='lat' dir='ltr'>incurrens</span> 
     </span>
     <span class='ocr_line' id='line_1_31' title="bbox 240 2342 1602 2396; baseline 0.001 -16"><span class='ocrx_word' id='word_1_234' title='bbox 240 2342 392 2381; x_wconf 86' lang='lat' dir='ltr'>civitati</span> <span class='ocrx_word' id='word_1_235' title='bbox 422 2342 621 2384; x_wconf 90' lang='lat' dir='ltr'>intestinis</span> <span class='ocrx_word' id='word_1_236' title='bbox 653 2344 862 2385; x_wconf 86' lang='lat' dir='ltr'>discordiis</span> <span class='ocrx_word' id='word_1_237' title='bbox 894 2344 1075 2385; x_wconf 89' lang='lat' dir='ltr'>divulsae</span> <span class='ocrx_word' id='word_1_238' title='bbox 1107 2356 1245 2396; x_wconf 88' lang='lat' dir='ltr'>pacem</span> <span class='ocrx_word' id='word_1_239' title='bbox 1277 2344 1441 2383; x_wconf 90' lang='lat' dir='ltr'>tandem</span> <span class='ocrx_word' id='word_1_240' title='bbox 1474 2342 1602 2383; x_wconf 84' lang='lat' dir='ltr'>affert.</span> 
     </span>
    </p>

    <p class='ocr_par' dir='ltr' id='par_1_6' title="bbox 238 2409 1703 2604">
     <span class='ocr_line' id='line_1_32' title="bbox 352 2409 1702 2465; baseline -0.001 -13"><span class='ocrx_word' id='word_1_241' title='bbox 352 2409 377 2464; x_wconf 66' lang='grc' dir='ltr'>ἓ</span> <span class='ocrx_word' id='word_1_242' title='bbox 408 2409 446 2452; x_wconf 90' lang='grc'>9.</span> <span class='ocrx_word' id='word_1_243' title='bbox 504 2411 704 2463; x_wconf 69' lang='grc' dir='ltr'><em>ἐνθένδε,</em></span> <span class='ocrx_word' id='word_1_244' title='bbox 736 2427 816 2455; x_wconf 88' lang='lat' dir='ltr'>non</span> <span class='ocrx_word' id='word_1_245' title='bbox 850 2411 1012 2453; x_wconf 65' lang='grc' dir='ltr'><em>ἐνθάδε</em></span> <span class='ocrx_word' id='word_1_246' title='bbox 1042 2412 1251 2465; x_wconf 86' lang='lat' dir='ltr'>legendum</span> <span class='ocrx_word' id='word_1_247' title='bbox 1276 2417 1392 2465; x_wconf 86' lang='lat' dir='ltr'>puto,</span> <span class='ocrx_word' id='word_1_248' title='bbox 1417 2417 1463 2452; x_wconf 91' lang='lat' dir='ltr'>ut</span> <span class='ocrx_word' id='word_1_249' title='bbox 1484 2412 1590 2465; x_wconf 92' lang='lat' dir='ltr'>quod</span> <span class='ocrx_word' id='word_1_250' title='bbox 1616 2424 1702 2451; x_wconf 88' lang='lat' dir='ltr'>cum</span> 
     </span>
     <span class='ocr_line' id='line_1_33' title="bbox 240 2477 1703 2535; baseline -0.001 -16"><span class='ocrx_word' id='word_1_251' title='bbox 240 2477 484 2520; x_wconf 87' lang='lat' dir='ltr'>Graecorum</span> <span class='ocrx_word' id='word_1_252' title='bbox 531 2481 717 2534; x_wconf 91' lang='lat' dir='ltr'>loquendi</span> <span class='ocrx_word' id='word_1_253' title='bbox 756 2482 1041 2523; x_wconf 86' lang='lat' dir='ltr'>consuetudine</span> <span class='ocrx_word' id='word_1_254' title='bbox 1070 2481 1248 2521; x_wconf 81' lang='lat' dir='ltr'>maxime</span> <span class='ocrx_word' id='word_1_255' title='bbox 1282 2487 1487 2535; x_wconf 86' lang='lat' dir='ltr'>congruat.</span> <span class='ocrx_word' id='word_1_256' title='bbox 1549 2480 1703 2521; x_wconf 86' lang='lat' dir='ltr'>Orato-</span> 
     </span>
     <span class='ocr_line' id='line_1_34' title="bbox 238 2549 1495 2604; baseline 0.002 -16"><span class='ocrx_word' id='word_1_257' title='bbox 238 2561 319 2589; x_wconf 89' lang='lat' dir='ltr'>rem</span> <span class='ocrx_word' id='word_1_258' title='bbox 351 2549 410 2589; x_wconf 86' lang='lat' dir='ltr'>ita</span> <span class='ocrx_word' id='word_1_259' title='bbox 439 2549 644 2603; x_wconf 88' lang='lat' dir='ltr'>scripsisse</span> <span class='ocrx_word' id='word_1_260' title='bbox 675 2556 715 2592; x_wconf 89' lang='lat' dir='ltr'>et</span> <span class='ocrx_word' id='word_1_261' title='bbox 745 2553 842 2592; x_wconf 92' lang='lat' dir='ltr'>ordo</span> <span class='ocrx_word' id='word_1_262' title='bbox 875 2552 1087 2593; x_wconf 88' lang='lat' dir='ltr'>verborum</span> <span class='ocrx_word' id='word_1_263' title='bbox 1120 2551 1292 2604; x_wconf 83' lang='lat' dir='ltr'>probare</span> <span class='ocrx_word' id='word_1_264' title='bbox 1324 2551 1495 2592; x_wconf 87' lang='lat' dir='ltr'>videtur.</span> 
     </span>
    </p>

    <p class='ocr_par' dir='ltr' id='par_1_7' title="bbox 352 2613 1705 2674">
     <span class='ocr_line' id='line_1_35' title="bbox 352 2613 1705 2674; baseline -0.001 -17"><span class='ocrx_word' id='word_1_265' title='bbox 352 2613 559 2671; x_wconf 75' lang='grc' dir='ltr'><em>’.Ωρωπός</em></span> <span class='ocrx_word' id='word_1_266' title='bbox 581 2621 770 2674; x_wconf 90' lang='lat' dir='ltr'>oppidum</span> <span class='ocrx_word' id='word_1_267' title='bbox 793 2626 882 2662; x_wconf 82' lang='lat' dir='ltr'>erat</span> <span class='ocrx_word' id='word_1_268' title='bbox 904 2621 1008 2661; x_wconf 88' lang='lat' dir='ltr'>inter</span> <span class='ocrx_word' id='word_1_269' title='bbox 1030 2620 1213 2661; x_wconf 89' lang='lat' dir='ltr'>Atticum</span> <span class='ocrx_word' id='word_1_270' title='bbox 1231 2626 1272 2660; x_wconf 92' lang='lat' dir='ltr'>et</span> <span class='ocrx_word' id='word_1_271' title='bbox 1288 2620 1499 2660; x_wconf 88' lang='lat' dir='ltr'>Boeotiam</span> <span class='ocrx_word' id='word_1_272' title='bbox 1515 2616 1705 2658; x_wconf 85' lang='lat' dir='ltr'>medium.</span> 
     </span>
    </p>

    <p class='ocr_par' dir='ltr' id='par_1_8' title="bbox 352 2686 1704 2745">
     <span class='ocr_line' id='line_1_36' title="bbox 352 2686 1704 2745; baseline 0 -18"><span class='ocrx_word' id='word_1_273' title='bbox 352 2687 573 2739; x_wconf 84' lang='grc' dir='ltr'><em>μετοίκιον</em></span> <span class='ocrx_word' id='word_1_274' title='bbox 616 2688 866 2738; x_wconf 67' lang='grc' dir='ltr'><em>κατατιθεὶς</em></span> <span class='ocrx_word' id='word_1_275' title='bbox 908 2688 985 2731; x_wconf 78' lang='grc' dir='ltr'>ἐπὶ</span> <span class='ocrx_word' id='word_1_276' title='bbox 1033 2688 1286 2745; x_wconf 79' lang='grc' dir='ltr'><em>προστάτου</em></span> <span class='ocrx_word' id='word_1_277' title='bbox 1326 2686 1450 2744; x_wconf 68' lang='grc' dir='ltr'><em>ᾤκεις</em></span> <span class='ocrx_word' id='word_1_278' title='bbox 1480 2686 1704 2741; x_wconf 81' lang='grc' dir='ltr'><em>μετοίκιον</em></span> 
     </span>
    </p>
   </div>
  </div>
 </body>
</html>
