1843 2987
252 237 302 271 22

366 329 428 386 φὴ
466 327 513 369 δὲ
542 325 614 368 καὶ
645 327 778 368 ταῦτα
808 325 880 368 καὶ
912 323 1042 373 &mog
1070 323 1299 377 γενόμενος
1328 323 1369 364 in
1401 322 1600 377 plerisque
1631 324 1718 365 cod.

248 401 402 454 legitur.
465 397 581 446 Quae
612 399 738 440 verba
767 410 887 451 quum
921 396 1193 439 difficultatem
1228 406 1413 447 magnam
1446 393 1640 442 afferant,
1662 393 1715 434 ad

247 483 329 510 rem
359 470 569 508 obscuram
601 468 899 520 explanandam
931 466 1169 517 interpretes
1201 464 1269 504 alii
1300 463 1402 503 alias
1434 463 1612 503 rationes
1630 464 1716 502 ine-

248 543 339 587 unt,
377 538 480 579 unde
512 550 658 590 magna
686 535 757 577 illa
786 539 886 576 nata
916 539 978 575 est
1008 533 1201 576 librorum
1234 532 1424 575 varietas.
1485 530 1717 573 Verisimile

249 607 408 646 videtur
438 607 543 658 quod
574 606 769 657 interpres
802 605 962 657 quidam
996 604 1252 644 callidissime
1284 603 1463 655 conjicit,
1499 601 1715 654 legentium

248 676 445 728 quendam
491 675 659 729 margini
704 674 795 715 libri
840 674 901 715 sui
947 673 1209 727 adscripsisse
1255 669 1370 727 φησὶ
1400 669 1448 712 δὲ
1477 671 1612 711 ταῦτα
1642 667 1715 710 καὶ

248 741 378 790 0}va-
422 742 774 797 παραγενόμενος
809 743 873 783 vel
905 739 1019 797 φησὶ
1049 739 1096 782 δὲ
1126 736 1354 782 κάνταῦθα
1384 738 1457 780 καὶ
1489 736 1620 785 αὐτὸς
1651 752 1716 791 γε-

246 811 450 865 νόμενοςε
496 813 617 854 “dicit
653 813 753 853 haec
782 812 950 866 Lysias,
985 811 1123 866 (quem
1156 811 1260 852 bello
1294 810 1451 864 patriae
1480 809 1715 851 liberandae

248 895 371 923 causa
417 882 642 923 interfuisse
689 879 870 936 constat)
915 886 959 921 ut
991 881 1059 934 qui
1089 881 1174 934 ipse
1205 880 1423 929 adfuerit“,
1456 891 1557 933 quae
1589 879 1716 920 verba.

249 953 449 1006 quomodo
494 956 639 1005 postea
681 950 720 991 in
753 950 973 991 orationem
1005 950 1238 1004 irrepserint
1268 963 1346 991 non
1380 949 1539 991 difficile
1570 953 1632 990 est
1662 949 1715 990 ad

248 1021 561 1074 intelligendum.
623 1018 755 1065 Quam
799 1019 970 1061 Scheibe
1014 1022 1269 1062 commendat
1323 1019 1554 1068 lectionem3
1601 1017 1713 1073 φαίη

248 1085 341 1132 δ’ἄν
384 1091 517 1131 ταῦτα
554 1087 625 1130 καὶ
656 1086 785 1136 αὐτὸς
815 1088 1117 1142 ἐλεγχόμενος,
1148 1090 1303 1143 accepi,
1334 1103 1436 1144 quae
1468 1089 1715 1142 conjectura,

249 1160 283 1200 si
314 1173 391 1200 non
425 1159 665 1211 probabilis,
698 1159 837 1199 ceteris
870 1164 974 1199 certe
1006 1171 1080 1211 par
1109 1163 1183 1200 est.

365 1227 392 1285 ξ
427 1228 493 1272 14.
553 1227 789 1282 λαμβάνειν
833 1224 912 1283 τὴν
958 1225 1091 1267 πόλιν
1130 1227 1289 1269 videtur
1324 1227 1546 1280 significare
1578 1239 1713 1267 curam

250 1298 493 1351 reipublicae
529 1298 747 1350 suscipere,
778 1297 853 1338 nisi
885 1299 933 1338 de
963 1298 1221 1350 occupatione
1252 1310 1322 1350 per
1352 1297 1431 1337 vim
1464 1297 1563 1338 haec
1593 1296 1715 1337 intel-

250 1367 369 1421 ligere
401 1367 541 1408 mavis.
600 1364 790 1421 (Markl.)

365 1435 497 1476 ἔθετο
540 1433 592 1475 τὰ
636 1429 752 1475 ὅπλα
797 1437 899 1477 idem
932 1436 1043 1477 valet
1074 1441 1195 1491 atque
1225 1436 1431 1477 “constitit
1464 1435 1503 1476 in
1536 1435 1712 1490 ordine“,

251 1506 483 1547 “descendit
514 1505 566 1546 ad
598 1510 747 1545 arma“.

367 1573 395 1631 ξ
445 1574 509 1617 15.
568 1572 827 1626 εἰσενεγκεῖν
866 1600 921 1607 —
961 1572 1170 1624 ὁπλίσαις
1197 1599 1252 1605 —-
1285 1576 1489 1629 Expectas
1521 1574 1715 1622 fortasse,

251 1645 345 1685 dum
391 1644 500 1684 dicat
545 1648 683 1684 orator
719 1642 968 1699 εἰσήνεγκεν
997 1667 1053 1674 ——
1086 1639 1273 1694 ὥπλισε,
1306 1646 1375 1685 sed
1407 1644 1538 1685 altera
1568 1644 1715 1683 verbo-

250 1725 336 1753 rum
385 1712 647 1753 conformatio
695 1725 781 1753 cum
829 1713 959 1753 altera
1006 1713 1186 1765 pemixta
1222 1727 1337 1754 aures
1374 1713 1619 1754 Graecorum
1653 1713 1716 1753 lo-

252 1781 397 1833 quendi
429 1794 502 1821 usu
534 1785 718 1821 assuetas
750 1782 846 1821 nihil
879 1782 1043 1822 offendit
1074 1788 1114 1822 et
1143 1783 1218 1822 hoc
1248 1783 1356 1836 loco,
1390 1783 1458 1823 ubi
1483 1782 1605 1834 paulo
1627 1782 1716 1834 agi-

251 1850 377 1890 tatior
391 1854 453 1890 est
469 1849 593 1899 actio,
610 1850 761 1902 justam
779 1851 1076 1891 excusationem
1094 1852 1230 1892 habet.
1260 1852 1369 1904 Insp.
1392 1852 1467 1893 Kr.
1491 1851 1560 1891 55:
1583 1850 1622 1890 4:
1651 1849 1716 1891 10.

367 1918 451 1956 τῶν
496 1918 655 1958 ἑαυτοῦ
699 1918 918 1973 δημοτῶν,
965 1920 1030 1971 qui
1074 1921 1200 1961 eidem
1254 1920 1431 1961 civitatis
1482 1919 1587 1972 parti
1640 1920 1717 1960 ad·-

252 1986 391 2039 scripti
436 1991 561 2027 erant.
621 1987 901 2042 Descriptione
945 1988 1015 2029 illa
1053 1989 1249 2037 civitatis,
1282 1989 1411 2043 qualis
1442 1989 1581 2043 primis
1611 1993 1716 2030 tem-

252 2056 418 2109 poribus
463 2062 568 2104 erat,
601 2056 775 2106 abolita,
808 2063 851 2098 ut
889 2063 1129 2111 potestatem
1163 2059 1404 2112 optimatum
1436 2059 1716 2112 perfringeret,

254 2125 505 2166 Cleisthenes
551 2125 672 2167 aliam
719 2127 893 2168 instituit
939 2127 1037 2169 haec
1066 2133 1335 2182 spectantem,
1367 2133 1411 2169 ut
1443 2142 1562 2183 quum
1595 2132 1717 2169 antea

254 2195 440 2235 universa
483 2195 624 2236 civitas
663 2196 701 2235 in
738 2202 910 2248 quatuor
941 2196 1083 2251 φυλάς
1112 2204 1152 2240 et
1182 2199 1362 2252 singulae
1394 2197 1534 2251 φυλαί
1560 2199 1600 2239 in
1632 2203 1716 2238 ter-

252 2277 325 2304 nas
372 2268 507 2316 partes
553 2263 773 2318 (φρᾶτραι)
813 2267 1052 2308 distributae
1083 2273 1238 2318 essent,
1270 2267 1477 2321 republica
1506 2267 1546 2307 in
1580 2267 1715 2308 decem

252 2334 430 2386 regiones
464 2331 634 2385 (φυλαί)
666 2334 885 2387 descripta,
915 2336 1093 2390 singulae
1126 2339 1250 2378 denas
1283 2342 1419 2390 partes
1452 2335 1614 2391 (δῆμοι)
1640 2334 1716 2375 ha-

252 2403 376 2445 beret.
436 2401 549 2444 Bello
590 2408 731 2444 exorto
763 2410 954 2458 quantum
986 2406 1129 2460 singuli
1159 2406 1218 2448 illi
1249 2406 1381 2463 δῆμοι
1413 2404 1480 2459 qui
1508 2404 1717 2446 vocaban-

252 2477 318 2513 tur
356 2472 525 2513 militum
559 2471 782 2523 mitterent,
814 2473 897 2527 lege
928 2475 1189 2518 constitutum
1220 2481 1308 2518 erat
1339 2488 1410 2517 nec
1440 2487 1532 2517 raro
1562 2472 1716 2519 evenit,

252 2548 297 2582 ut
341 2541 380 2582 in
425 2541 550 2594 copiis
596 2543 801 2583 armandis
840 2548 967 2602 satque
1012 2546 1257 2588 instruendis
1303 2546 1409 2587 cives
1454 2558 1496 2585 re
1528 2541 1718 2584 familiari

251 2611 506 2651 abundantes
548 2624 637 2660 eos,
678 2611 743 2665 qui
776 2602 928 2653 attritis
958 2614 1220 2657 facultatibus
1251 2621 1386 2670 erant,
1420 2612 1588 2667 pecunia
1618 2612 1718 2653 sub-

251 2679 447 2721 levarent.
505 2681 615 2735 Insp.
644 2682 864 2723 orationem
895 2682 1046 2737 Lysiae
1074 2697 1147 2739 pro
1178 2685 1407 2727 Mantitheo
1439 2681 1467 2741 ξ
1503 2682 1568 2725 14.
