1843 2987
598 876 851 934 CONTRA
887 876 1224 933 PHILONEM

751 1053 1060 1130 ORATIO.

308 1284 608 1350 Numquam,
632 1294 895 1341 senatores,
921 1286 1101 1350 putavi,
1129 1284 1380 1333 Philonem
1407 1300 1462 1331 eo
1488 1298 1638 1346 usque

175 1352 397 1402 audaciae
433 1372 762 1421 processurum
798 1353 966 1410 fuisse,
994 1363 1047 1403 ut
1064 1354 1242 1422 judicio
1267 1353 1420 1401 v⁸estro
1446 1369 1497 1400 se
1522 1350 1637 1398 sub-

168 1422 315 1487 jicere
339 1425 548 1472 auderet.
591 1423 754 1478 Quum
779 1432 938 1472 autem
963 1440 1059 1472 non
1085 1425 1132 1472 in
1158 1440 1253 1471 una
1276 1423 1429 1471 solum
1455 1438 1529 1476 re,
1553 1420 1638 1467 sed

181 1491 230 1538 in
267 1491 429 1539 multis
465 1493 687 1541 audacter
720 1492 800 1541 ille
834 1500 941 1558 agat
968 1500 1015 1540 et
1039 1510 1126 1559 ego
1151 1509 1324 1540 munus
1348 1489 1637 1539 senatorium

179 1561 469 1625 susceperim
489 1588 491 1590 r
499 1562 805 1627 jurejurando
834 1561 943 1608 dato
979 1578 1057 1609 me
1092 1561 1271 1627 optima
1301 1575 1518 1624 quaeque
1551 1558 1637 1605 da-

179 1636 339 1675 turum
378 1646 481 1676 esse
516 1629 801 1695 reipublicae
826 1629 1041 1686 consilia,
1067 1645 1310 1695 quumque
1330 1626 1638 1694 jurisjurandi
1664 1646 1683 1677 2

176 1697 385 1760 quadam
440 1707 573 1762 parte
626 1699 892 1763 obstringar
943 1699 990 1746 in
1045 1699 1258 1745 medium
1312 1698 1543 1762 proferre,
1598 1694 1639 1741 si

176 1781 319 1828 quem
374 1766 673 1832 designatum
726 1766 960 1815 senatorio
1004 1767 1168 1815 ordine
1205 1765 1455 1832 indignum
1490 1780 1637 1812 nove-

174 1834 287 1889 rim,
324 1833 578 1883 Philonem
612 1835 740 1883 hunc
775 1835 824 1883 in
853 1835 1085 1901 judicium
1122 1834 1318 1895 vocabo,
1357 1833 1538 1881 nullam
1562 1841 1637 1880 ta-

177 1919 303 1950 mem
349 1903 578 1968 privatam
611 1904 898 1952 simultatem
937 1920 1227 1969 persequens
1260 1918 1416 1968 neque
1449 1901 1639 1950 dicendi

174 1988 333 2018 coram
387 1971 518 2021 vobis
568 1990 657 2021 nec
706 1972 926 2021 facultate
964 1990 1051 2021 nec
1087 1971 1426 2021 consuetudine
1464 1969 1638 2025 elatus,

173 2040 257 2088 sed
305 2040 609 2090 multitudine
642 2041 919 2091 delictorum
958 2042 1058 2108 ejus
1092 2042 1239 2090 fretus
1276 2050 1324 2090 et
1358 2038 1635 2105 religionem

167 2109 475 2175 jurisjurandi
511 2128 540 2158 a
575 2127 653 2158 me
690 2111 786 2159 dati
822 2127 1094 2159 conservare
1131 2110 1337 2176 cupiens.
1396 2108 1498 2156 Nec
1525 2125 1667 2157 vero.

173 2195 269 2226 uon
322 2178 593 2245 intelligetis
639 2197 715 2228 me
760 2179 819 2228 ad
860 2180 1004 2227 istum
1041 2179 1334 2245 arguendum
1371 2194 1468 2226 non
1503 2184 1635 2225 tanto

172 2256 401 2312 apparatu
451 2249 732 2296 instructum
771 2248 1050 2313 procedere,
1087 2257 1263 2312 quanto
1300 2248 1390 2296 iste
1425 2247 1474 2295 in
1511 2246 1635 2294 male

174 2316 357 2380 agendo
393 2333 506 2364 usus
538 2317 692 2364 fuerit.
735 2315 1075 2364 Verumtamen
1101 2317 1140 2365 si
1164 2317 1212 2364 in
1238 2315 1533 2364 accusatione
1557 2332 1634 2362 re-

173 2383 357 2446 liquum
395 2385 509 2448 quid
544 2385 720 2441 fecero,
756 2394 880 2434 certe
915 2384 1137 2450 indignus
1173 2386 1252 2433 ille
1289 2394 1380 2440 est,
1415 2385 1497 2448 qui
1522 2384 1634 2432 inde

173 2451 424 2500 utilitatem
473 2453 646 2519 capiat,
694 2454 778 2502 sed
824 2453 979 2519 potius
1032 2472 1153 2519 quae
1190 2454 1480 2519 argumentis
1516 2452 1634 2501 nihil

174 2519 304 2569 dubii
336 2521 711 2586 relinquentibus
737 2523 999 2577 docuerim,
1024 2522 1260 2588 repulsam
1288 2523 1331 2571 ei
1356 2522 1633 2571 contrahere

174 2606 379 2655 aequum
435 2600 516 2639 est.
588 2591 730 2638 Forte
784 2591 911 2638 enim
948 2600 1142 2656 propter
1175 2591 1489 2656 ignorantiam
1525 2608 1632 2638 om-

172 2657 305 2706 nium
364 2660 464 2725 ejus
518 2659 795 2708 delictorum
838 2676 1005 2725 parum
1042 2661 1229 2725 copiose
1266 2659 1488 2716 dixerim,
1523 2659 1636 2707 satis

172 2735 335 2775 tamen
389 2744 511 2793 quae
565 2729 664 2795 ejus
708 2737 779 2778 est
812 2727 1105 2795 improbitas.
1178 2727 1274 2777 Sed
1308 2737 1516 2777 vestrum
1553 2728 1637 2795 qui

170 2796 361 2846 dicendi
394 2797 619 2847 facultate
654 2798 762 2867 plus
796 2797 957 2847 valent
990 2815 1097 2855 oro,
1133 2807 1187 2847 ut
1211 2800 1381 2850 delicta
1406 2804 1506 2870 ejus
1531 2820 1636 2852 ma-
