1843 2987
129 2561 172 2592 27

239 257 283 290 12

230 369 307 399 me
363 350 480 397 haec
531 363 720 413 quoque
774 361 880 392 vere
935 342 1088 391 dicere
1134 355 1412 407 persuasum
1456 336 1695 395 habeatis,

230 419 472 468 hominem
526 417 682 482 ipsum
738 415 1046 479 interrogate,
1100 412 1181 477 qui
1224 408 1474 475 pecuniam
1513 407 1696 473 accepit

229 498 275 537 et
310 487 560 536 mulierem
597 484 824 551 sepelivit.

836 639 1090 696 Testis.

362 758 490 814 Quid
543 759 683 826 igitur
736 765 1000 825 spectantes
1042 756 1185 804 istum
1223 753 1419 820 dignum
1452 752 1690 819 judicabi-

223 829 311 877 tis?
381 829 510 877 Num
548 830 675 893 quod
711 828 828 876 nihil
866 827 977 875 mali
1013 824 1330 874 commiserit?
1390 823 1454 870 At
1482 823 1690 871 maxima

224 898 272 945 in
327 898 526 963 patriam
579 897 800 962 peccavit.
871 895 947 942 An
1000 895 1126 959 quod
1172 893 1339 940 melior
1375 893 1555 940 existat.
1626 892 1692 939 At

224 966 344 1014 bene
382 968 440 1014 de
479 966 661 1014 civitate
696 966 903 1031 primum
942 963 1137 1011 meritus
1169 963 1342 1009 deinde
1379 961 1566 1008 muneri
1610 976 1688 1007 se-

224 1036 402 1083 natorio
457 1035 675 1082 inserviat
726 1034 844 1081 tanti
889 1034 938 1080 in
980 1032 1221 1079 beneficiis
1257 1031 1487 1085 nominis,
1524 1030 1688 1093 quanti

223 1120 348 1150 nunc
399 1103 447 1150 in
495 1102 756 1157 maleficiis;
793 1119 902 1149 nam
940 1101 1221 1166 prudentius
1255 1100 1389 1156 facit,
1427 1099 1508 1163 qui
1544 1097 1686 1146 rebus

223 1171 443 1220 confectis
480 1171 676 1236 gratiam
715 1188 798 1235 pro
835 1171 890 1219 iis
927 1171 1081 1220 refert.
1154 1168 1377 1233 Iniquum
1414 1168 1541 1216 enim
1568 1168 1687 1215 mihi

222 1240 411 1304 quidem
466 1240 670 1294 videtur,
723 1256 831 1286 eum
875 1238 1154 1286 delictorum
1185 1239 1286 1303 jam
1322 1238 1684 1285 commissorum

220 1325 480 1373 numquam
533 1325 685 1374 poena
736 1308 956 1354 affectum
1012 1307 1090 1362 iri,
1140 1324 1303 1353 eorum
1342 1312 1685 1369 autem‚‘quae

219 1377 470 1439 aliquando
508 1377 628 1424 bene
662 1378 869 1425 facturus
905 1378 987 1432 sit,
1023 1377 1287 1441 praemium
1316 1378 1416 1441 jam
1451 1387 1684 1423 'consecu-

144 1454 186 1486 ·.”
217 1452 374 1492 turum
431 1460 545 1492 esse.
616 1445 691 1493 An
728 1452 780 1493 ut
816 1445 936 1493 cives
975 1460 1123 1508 quum
1161 1459 1327 1493 omnes
1365 1445 1467 1509 pari
1503 1444 1684 1492 honore

216 1513 405 1561 affectos
460 1512 684 1568 viderint,
738 1513 957 1574 meliores
1001 1514 1225 1568 existant,
1258 1513 1367 1560 ideo
1404 1512 1484 1560 ille
1523 1512 1572 1559 in
1605 1529 1682 1559 se-

215 1592 378 1629 natum
427 1582 726 1647 accipiendus
765 1582 866 1628 est?
936 1582 1001 1629 At
1032 1581 1293 1647 periculum
1333 1590 1405 1629 est
1439 1599 1500 1628 ne
1539 1580 1682 1628 etiam

211 1649 347 1706 boni,
402 1669 547 1716 quum
605 1652 753 1698 malos
797 1651 918 1698 cives
955 1653 1055 1716 pari
1092 1669 1252 1700 secum
1291 1652 1556 1714 eodemque
1594 1649 1682 1698 ho-

211 1738 322 1767 nore
380 1720 570 1768 affectos
618 1720 841 1775 viderint,
879 1720 1089 1770 honestis
1130 1721 1298 1770 studiis
1335 1737 1529 1786 operam
1568 1720 1680 1767 dare

211 1789 451 1844 desinant,
506 1791 763 1837 eorundem
822 1790 1143 1838 existimantes
1183 1807 1286 1838 esse
1323 1799 1370 1837 et
1403 1789 1554 1837 malos
1591 1788 1679 1836 ho-

210 1875 374 1905 norare
429 1867 475 1905 et
527 1858 761 1906 bonorum
810 1858 1032 1907 oblivisci.
1101 1859 1203 1907 Nec
1239 1859 1367 1924 quod
1405 1859 1677 1907 considere-

210 1944 314 1973 mus
358 1928 605 1991 indignum
644 1928 732 1974 hoc
769 1937 859 1974 est:
898 1929 937 1974 si
973 1929 1078 1992 quis
1116 1929 1189 1975 vel
1227 1928 1474 1975 castellum
1511 1927 1676 1993 prodi-

209 1995 372 2051 disset,
408 1995 480 2043 vel
516 2012 684 2043 navem
722 1996 795 2044 vel
832 2006 1004 2053 castra,
1042 1996 1121 2045 ubi
1159 2015 1268 2062 pars
1306 1998 1542 2061 quaedam
1568 2015 1676 2045 ver-

207 2074 387 2112 saretur
423 2065 615 2119 civium,
653 2073 864 2113 extrema
901 2067 1133 2131 supplicia
1169 2067 1410 2114 subiturus
1447 2068 1557 2122 fuit,
1586 2067 1676 2114 iste

207 2150 338 2187 vero,
390 2134 477 2180 etsi
531 2134 796 2181 universam
835 2135 1068 2182 civitatem
1116 2136 1348 2200 prodidit,
1386 2152 1413 2182 a
1445 2136 1676 2183 memoria.

206 2218 388 2265 poenae
433 2203 661 2249 alienatus
705 2205 764 2250 ad
795 2205 1026 2251 honorem
1063 2205 1422 2271 adipiscendum
1460 2205 1675 2252 animum

206 2270 456 2334 componit.
528 2269 834 2337 Quamquam
878 2274 959 2337 qui
995 2274 1153 2339 palam
1191 2283 1244 2321 ut
1279 2274 1368 2322 iste
1405 2274 1672 2322 libertatem

206 2338 433 2401 prodidit,
484 2358 579 2388 non
633 2340 681 2388 id
737 2342 1023 2390 contendere
1077 2343 1349 2407 oportebat,
1394 2350 1446 2391 ut
1481 2351 1673 2392 senator

203 2407 355 2463 fieret,
407 2408 490 2455 sed
544 2417 596 2456 ut
639 2409 914 2458 servitutem
952 2428 1287 2475 summamque
1325 2411 1535 2477 inopiam
1574 2412 1672 2461 evi-

203 2483 337 2524 taret.

338 2543 479 2598 Quod
533 2546 665 2602 dicit,
717 2548 850 2595 nefas
887 2547 927 2595 si
970 2548 1137 2596 fuisset
1181 2548 1230 2596 in
1266 2548 1356 2597 isto
1395 2549 1667 2597 discrimine

199 2612 483 2678 reipublicae
536 2616 723 2673 deesse,
764 2617 977 2665 futurum
1020 2617 1189 2675 fuisse,
1225 2627 1279 2666 ut
1314 2619 1391 2667 lex
1426 2638 1523 2668 non
1560 2637 1666 2667 ma-

200 2681 268 2746 gis
301 2692 454 2732 cetera
490 2685 739 2742 maleficia,
772 2703 916 2750 quam
952 2687 1072 2735 illud
1110 2697 1272 2753 aperte
1309 2689 1560 2745 indicaret,
1584 2707 1667 2738 vos

199 2751 379 2799 nescire
415 2752 687 2810 arbitratur,
728 2765 923 2821 propter
960 2757 1339 2824 magnitudinem
1376 2759 1567 2809 sceleris
1592 2759 1668 2808 ni-
