1843 2987
249 296 293 327 ¹24

357 387 384 448 ξ
415 390 484 431 22.
540 384 674 444 μικρὰ
707 381 1005 443 ὠφελουμένη.
1068 382 1185 433 Quae
1215 383 1255 427 in
1281 383 1624 437 ,nonnullisslibris
1647 385 1706 428 le-

239 466 384 514 guntur
427 460 552 500 verba
594 453 983 512 μηδ’ὦφελουμένη
1024 469 1189 508 prorsus
1217 456 1433 509 rejicienda
1462 461 1578 505 suat,
1609 471 1703 500 nam

240 531 332 585 quid
375 534 460 571 tum
505 528 582 570 sibi
627 526 713 569 vult
755 526 921 568 verbum
966 524 1066 566 illud
1106 523 1364 579 γιγνόμεναῗ
1425 526 1549 569 Haud
1582 526 1703 583 dubie

238 600 436 640 sententia
465 600 565 640 haec
593 603 674 639 est:
706 595 932 637 “beneficiis
965 594 1150 648 quamvis
1181 595 1320 647 parvis
1352 595 1500 637 affecta
1532 596 1701 638 multum

237 681 280 709 se
324 667 500 721 accipere
546 671 674 708 mater
710 665 964 714 existimat‘·;
1003 664 1055 705 ad
1086 660 1222 718 μικρά
1252 668 1415 718 spectat
1447 662 1701 717 γιγνόμενα,

238 739 342 792 quod
386 738 569 786 verbum,
610 735 723 793 μηδὲ
768 736 802 776 si
848 734 1031 788 legimus,
1078 747 1156 787 quo
1202 739 1287 775 tum
1333 733 1584 783 referendum
1613 735 1703 777 ent?

233 806 396 860 μέγαλα
427 811 637 861 praeterea
665 802 802 860 μικρά
833 799 1061 858 oppositum
1093 804 1300 858 postulare
1332 804 1506 850 videtur.

349 871 496 931 εὐνοίᾳ
527 900 580 908 -
614 873 796 928 ἐλέγχῳ,
827 898 885 906 --
917 872 1074 920 “Quale
1105 880 1146 916 et
1176 881 1371 928 quantum
1402 873 1457 915 sit
1478 873 1599 931 illud,
1623 887 1700 930 quo

236 947 421 994 donetur,
466 945 577 987 nulla
625 944 782 986 ratione
827 943 990 992 habita,
1039 943 1214 986 animum
1246 943 1484 985 benevolum
1517 949 1701 991 tantum·

235 1017 352 1057 modo
383 1015 582 1068 respicit“.

348 1083 375 1141 ξ
406 1085 474 1125 24.
533 1079 696 1130 ἀλλ’ὡς.
758 1082 1005 1136 Saepissime
1049 1077 1160 1122 ἀλλά
1191 1087 1409 1137 usurpatur
1441 1094 1562 1136 quum
1595 1095 1701 1137 quae

232 1154 284 1195 ab
316 1154 444 1196 altera
475 1158 590 1207 parte
621 1153 738 1207 objici
770 1156 923 1206 potest,
956 1157 1050 1194 ante
1082 1157 1254 1207 occupat
1284 1157 1423 1195 orator
1458 1156 1500 1193 et
1538 1152 1702 1197 refellit.

231 1224 339 1277 Insp.
370 1224 442 1265 Kr.
474 1222 545 1265 Gr.
576 1222 652 1273 69,
682 1224 729 1273 4,
760 1222 801 1264 4.

345 1292 372 1350 ᾖ
404 1291 471 1335 26.
531 1287 646 1333 ἀλλ’
628 1287 749 1340 ὅπως
778 1289 1009 1349 τιμήσεται
1042 1296 1206 1333 auctore
1237 1290 1486 1333 Rauchenst.
1516 1291 1699 1334 scriben-

230 1363 321 1403 dum
368 1374 454 1402 esse
499 1362 685 1403 existimo
731 1367 773 1402 et
809 1361 961 1403 rationi
992 1361 1212 1409 assentior,
1245 1373 1365 1414 quam
1397 1364 1442 1401 ut
1472 1360 1562 1409 illa,
1595 1374 1698 1415 quae

228 1431 304 1472 hoc
356 1431 445 1473 loco
498 1430 670 1485 plurima
712 1436 826 1481 sunt,
870 1432 1097 1485 depravata
1142 1430 1267 1472 verba
1312 1430 1564 1480 emendaret,
1608 1430 1699 1474 iniit

227 1501 331 1541 idem
363 1501 569 1554 interpres.

342 1569 369 1627 ξ
416 1570 482 1612 28.
544 1564 596 1610 οὕ
642 1566 720 1624 γὰρ
752 1562 805 1610 ἄν
835 1569 921 1610 κτὲ.
982 1569 1130 1612 Utrum
1162 1565 1216 1609 ἄν
1244 1567 1437 1610 tollamus
1469 1580 1610 1618 necne,
1641 1569 1695 1612 ad

227 1639 350 1679 verba
393 1644 499 1679 recte
530 1639 835 1691 interpretanda
866 1638 963 1679 nihil
995 1638 1116 1678 valet.
1176 1635 1216 1678 εἰ
1247 1635 1437 1693 ἤλπισεν
1466 1637 1695 1693 intelligen-

226 1708 317 1748 dum
349 1713 420 1748 est.

339 1774 366 1832 ξ
412 1775 479 1818 29.
539 1772 593 1817 ου’
637 1774 744 1817 κατὰ
790 1775 840 1817 τὸ
889 1776 1117 1832 προσῆκον
1145 1794 1177 1809 =
1205 1775 1348 1816 καίτοι
1379 1770 1434 1814 ου’
1464 1775 1694 1831 προσῆκον

224 1840 370 1892 αὐτοῖς
402 1847 591 1888 “tametsi
622 1847 721 1889 haec
750 1852 887 1900 partes
919 1860 1055 1888 eorum
1087 1858 1166 1887 uon
1197 1849 1358 1887 essent‘⁴
1378 1844 1524 1886 Reisk.
1559 1845 1694 1889 Valde

225 1915 383 1963 dubito,
430 1928 523 1956 num
559 1916 791 1969 accipienda
822 1916 875 1957 sit
905 1915 1204 1970 interpretatio,
1236 1927 1316 1968 qua
1349 1914 1437 1968 quis
1467 1914 1584 1958 facile
1615 1916 1693 1958 ad-

224 1985 312 2025 duci
357 1985 505 2037 possit,
552 1989 597 2025 ut
641 1986 800 2034 credat,
846 1999 1001 2033 eorum,
1034 1985 1100 2038 qui
1127 1984 1326 2036 μετοίκοι
1359 1984 1690 2037 appellabantur,

223 2065 300 2092 non
334 2053 453 2093 fuisse
484 2058 640 2105 partem
673 2053 765 2094 belli
799 2066 1018 2106 capessere.
1076 2053 1217 2106 Longe
1248 2053 1367 2094 aliter
1396 2066 1460 2094 res
1479 2053 1692 2106 sehabet,

223 2134 314 2161 narn
347 2134 426 2163 non
458 2122 586 2163 solum
618 2123 806 2175 pecunias
838 2124 890 2163 ad
921 2122 1125 2176 impendia
1156 2121 1250 2163 belli
1276 2121 1490 2166 toleranda
1512 2122 1691 2176 impera·

222 2195 286 2231 tas
318 2192 490 2244 pendere
522 2191 744 2240 debebant,
772 2193 842 2234 sed
873 2193 994 2234 etiam
1026 2197 1136 2237 terra
1158 2193 1336 2246 marique
1358 2197 1592 2245 praesentes
1608 2192 1695 2239 :st-ir.

223 2261 368 2312 pendia
412 2262 553 2303 facere.
612 2261 658 2302 In
705 2262 871 2303 eandem
918 2262 1154 2304 incurrimus
1200 2261 1496 2312 difficultatem,
1528 2263 1563 2305 si
1596 2275 1693 2310 sens-

220 2331 387 2371 tentiam
419 2331 595 2384 ejusdem
626 2331 854 2385 interpretis
885 2331 1010 2372 secuti
1040 2329 1148 2372 κατὰ
1178 2329 1230 2373 τό
1261 2332 1452 2374 tollimus.
1507 2328 1562 2373 οὐ
1582 2327 1691 2382 κατὰ

220 2397 268 2438 τὸ
300 2400 527 2456 προσῆκον
557 2400 662 2441 idem
694 2401 802 2441 valet
837 2405 959 2453 atque
989 2397 1102 2455 ὑπὲρ
1133 2400 1210 2440 τοῦ
1242 2398 1569 2456 προσήκοντος,·
1598 2413 1687 2442 ma-

214 2467 279 2520 jus
320 2481 438 2521 quam
471 2469 676 2510 debebant
707 2468 900 2509 auxilium
932 2468 1121 2510 tulerant.
1183 2469 1492 2512 Concedendum
1526 2470 1687 2523 quidem

219 2542 280 2577 est
325 2538 529 2579 insolitum
577 2538 730 2591 aliquid
776 2538 901 2578 verba
931 2538 1078 2580 habere
1109 2544 1150 2579 et
1180 2539 1350 2581 libenter
1379 2537 1686 2587 iisffiadsention

221 2606 286 2659 qui
317 2605 423 2647 κατὰ
469 2605 518 2647 τὸ
566 2606 794 2663 προσῆκον
839 2607 1091 2650 scribendum
1136 2621 1225 2650 esse
1270 2613 1437 2663 putant,
1465 2621 1546 2663 vquo
1577 2607 1685 2650 facto

218 2676 328 2717 nulla
356 2678 482 2719 errori
512 2677 672 2718 occasio
706 2678 837 2719 datur.

336 2745 384 2801 τῇ
431 2744 640 2803 παρούσῃ
689 2742 864 2801 (inulae,-
897 2745 990 2799 quid
1025 2759 1105 2788 vox
1137 2746 1208 2788 illa
1239 2745 1444 2804 παρούσῃ
1475 2745 1555 2789 sibi
1586 2743 1686 2786 velit

216 2814 434 2856 videamus.
495 2816 707 2858 Sententia
734 2817 913 2871 judicum
945 2817 1121 2859 nondum
1144 2818 1253 2859 dicta
1277 2831 1397 2871 quum
1420 2829 1562 2871 parum
1587 2829 1685 2858 con-
