1843 2987
215 236 259 270 10

343 328 467 375 Eum
519 326 659 391 igitur
699 324 846 389 Oropi
890 321 1123 388 praesidio
1161 319 1345 385 patroni
1381 327 1561 368 tectum
1598 319 1668 367 vi-

207 399 330 445 xisse
367 397 528 461 reique
563 393 805 441 familiaris
842 393 954 443 satis
994 390 1213 438 habuisse
1248 404 1404 451 neque
1429 388 1477 436 in
1498 387 1669 436 Piraeo

208 483 362 530 neque
414 466 463 513 in
518 463 633 512 urbe
687 479 817 510 arma
869 463 1050 525 cepisse
1089 468 1142 507 ut
1188 475 1264 506 me
1300 457 1417 506 haec
1457 458 1667 524 primum

208 553 314 582 vere
350 534 504 582 dicere
539 531 831 597 intelligatis,
868 532 1152 594 interrogate
1188 535 1346 575 testes.

806 689 1074 742 Testes.

142 814 184 846 15
344 804 649 868 Relinquitur
700 804 841 868 igitur
894 810 947 850 ut
1000 802 1125 849 dicat
1163 817 1214 848 se
1253 807 1446 865 propter
1481 800 1667 847 valetu-

209 875 368 922 dinem
407 874 644 938 quandam
682 871 889 938 corporis
926 878 1226 937 praesentem
1262 870 1312 917 in
1350 867 1575 917 Piraeum
1611 869 1672 916 ad

210 961 349 1008 opem
401 943 645 991 ferendam
683 958 923 990 accurrere
958 958 1052 988 non
1089 939 1322 1005 potuisse,
1360 939 1540 1003 privato
1579 955 1666 985 au-

210 1021 307 1059 tem
343 1021 535 1076 sumptu
572 1011 643 1058 vel
679 1011 869 1074 vulgum
899 1009 1097 1074 pecunia
1122 1008 1463 1056 sublevandum
1491 1007 1563 1055 vel
1586 1008 1672 1054 tri-

211 1080 392 1128 bulium
431 1097 623 1128 suorum
660 1079 891 1142 quosdam
925 1079 1176 1126 armandos
1199 1077 1484 1143 suscepisse,
1511 1093 1672 1124 exem-

211 1149 341 1213 plum
381 1149 635 1196 multorum
674 1148 842 1195 civium
868 1157 1107 1201 secutum,
1134 1147 1215 1210 qui
1241 1155 1514 1211 praesentes
1539 1146 1673 1193 auxi-

144 1234 186 1268 ยน5
209 1218 326 1265 lium
367 1217 488 1265 ferre
523 1234 619 1265 non
656 1224 861 1281 possent.
931 1215 1004 1264 Ne
1040 1216 1182 1280 igitur
1219 1216 1262 1263 ei
1299 1215 1558 1264 mendaciis
1593 1231 1674 1263 vos

210 1286 475 1350 decipiendi
529 1285 708 1333 occasio
763 1286 922 1340 detur,
980 1285 1218 1349 quomodo
1266 1284 1407 1332 etiam
1445 1301 1520 1332 res
1556 1284 1675 1332 istae

210 1371 259 1401 se
309 1353 537 1410 habeant,
590 1353 787 1418 planum
845 1353 1039 1410 faciam,
1093 1353 1316 1417 quoniam
1356 1352 1474 1401 mihi
1510 1361 1676 1418 postea

213 1424 312 1488 ejus
354 1423 666 1487 redarguendi
710 1439 848 1469 causa
884 1424 1139 1487 procedere
1176 1440 1272 1470 non
1304 1422 1476 1472 licebit.
1548 1422 1677 1470 Voca

212 1500 263 1539 tu
317 1492 434 1539 mihi
476 1491 744 1539 Diotimum
782 1491 1138 1540 Acharnensem
1176 1497 1220 1539 et
1255 1492 1337 1555 qui
1378 1509 1484 1539 cum
1524 1509 1579 1540 eo
1617 1492 1676 1540 ad

211 1560 406 1608 tribules
440 1561 606 1609 collata
642 1561 843 1626 pecunia
879 1563 1132 1609 armandos
1170 1561 1307 1609 electi
1342 1571 1464 1611 sunt.

247 1719 695 1773 Testimonia
729 1721 1036 1774 Diotimi
1073 1722 1142 1774 et
1179 1722 1646 1788 collegarum.

146 1848 187 1881 17
345 1832 440 1880 Iste
493 1834 636 1899 igitur
688 1836 869 1883 nullam
923 1835 982 1882 ad
1019 1834 1363 1898 rempublicam
1398 1835 1446 1883 in
1482 1835 1565 1882 tali
1602 1835 1677 1883 di-

213 1902 432 1951 scrimine
484 1912 531 1951 et
581 1904 664 1951 tali
704 1922 861 1952 rerum
897 1912 1022 1952 statu
1061 1903 1404 1952 sublevandam
1442 1905 1676 1953 rationem

212 1972 335 2025 iniit,
370 1972 452 2018 sed
490 1974 727 2035 quomodo
766 1990 790 2020 6
825 1973 1014 2020 fortuna
1049 1981 1203 2020 vestra
1239 1973 1411 2021 afflicta
1447 1974 1564 2021 lucri
1589 1973 1677 2021 ali-

214 2040 327 2103 quid
382 2041 644 2106 pereiperet
695 2042 935 2108 spectavit.
1018 2040 1267 2090 Profectus
1322 2043 1449 2090 enim
1495 2041 1678 2108 Oropo,

213 2110 354 2157 modo
409 2109 511 2173 ipse
564 2110 707 2168 solus,
764 2112 906 2160 modo
961 2108 1063 2159 aliis
1109 2111 1468 2168 comitantibus,
1504 2112 1586 2175 qui
1621 2128 1679 2160 ex

144 2186 188 2220 18
212 2177 524 2227 incommodis
560 2179 724 2228 vestris
762 2179 1056 2229 occasionem
1090 2194 1225 2228 suam
1263 2180 1515 2244 petebant,
1541 2196 1679 2245 agros

213 2245 474 2310 peragravit
526 2255 573 2295 et
625 2247 802 2296 civibus
856 2256 970 2297 natu
1023 2248 1244 2297 maximis
1281 2248 1468 2298 obviam
1505 2248 1679 2305 factus,

214 2314 294 2379 qui
344 2314 472 2363 domi
525 2326 869 2373 remanserant,
911 2336 1069 2365 rerum
1109 2318 1169 2366 ad
1205 2318 1349 2367 vitam
1386 2319 1678 2368 neeessaria-

212 2402 316 2431 rum
373 2385 506 2450 copia
546 2387 760 2450 quamvis
804 2388 971 2453 exigua
1006 2388 1234 2453 praediti,
1271 2389 1430 2437 animo
1465 2389 1533 2437 illi
1570 2391 1678 2454 qui-

214 2453 322 2500 dem
360 2453 408 2501 in
448 2456 677 2520 populum
714 2457 965 2512 benevolo,
1002 2465 1051 2504 at
1083 2474 1169 2523 per
1204 2467 1407 2506 aetatem
1446 2460 1506 2507 ad
1543 2460 1679 2507 auxi-

212 2521 327 2568 lium
380 2523 628 2572 ferendum
679 2544 847 2591 parum
885 2527 1065 2587 idonei,
1106 2544 1186 2574 eos
1224 2527 1360 2576 bonis
1397 2529 1680 2584 denudavit,

212 2591 584 2640 mediocritatem
618 2594 734 2642 lucri
773 2612 921 2660 quum
957 2595 1335 2644 incolumitatem
1370 2613 1534 2644 eorum
1569 2597 1679 2662 plu-

211 2660 273 2704 ris
297 2661 564 2712 aestimans,
603 2662 711 2716 Qua
736 2665 1087 2712 necessitudine
1114 2666 1262 2713 eoacti
1290 2666 1579 2730 reipublicae
1598 2667 1680 2714 illo

211 2733 426 2794 tempore
470 2730 636 2781 adesse
680 2750 776 2782 non
814 2740 1058 2800 poterant,
1098 2733 1267 2783 eadem
1304 2752 1433 2784 nunc
1469 2753 1550 2785 eos
1585 2734 1679 2785 im-
