<?xml version="1.0" encoding="UTF-8"?>
<!DOCTYPE html PUBLIC "-//W3C//DTD XHTML 1.0 Transitional//EN"
    "http://www.w3.org/TR/xhtml1/DTD/xhtml1-transitional.dtd">
<html xmlns="http://www.w3.org/1999/xhtml" xml:lang="en" lang="en">
 <head>
  <title>
</title>
<meta http-equiv="Content-Type" content="text/html;charset=utf-8" />
  <meta name='ocr-system' content='tesseract 3.04.00' />
  <meta name='ocr-capabilities' content='ocr_page ocr_carea ocr_par ocr_line ocrx_word'/>
</head>
<body>
  <div class='ocr_page' id='page_1' title='image "4630629_0016.png"; bbox 0 0 1843 2987; ppageno 0'>
   <div class='ocr_carea' id='block_1_1' title="bbox 172 381 1716 1085">
    <p class='ocr_par' dir='ltr' id='par_1_1' title="bbox 172 381 1716 1085">
     <span class='ocr_line' id='line_1_1' title="bbox 176 381 1641 449; baseline 0.005 -20"><span class='ocrx_word' id='word_1_1' title='bbox 176 381 328 446; x_wconf 81' lang='lat' dir='ltr'>pedit,</span> <span class='ocrx_word' id='word_1_2' title='bbox 382 383 636 447; x_wconf 86' lang='lat' dir='ltr'>quominus</span> <span class='ocrx_word' id='word_1_3' title='bbox 691 400 801 431; x_wconf 90' lang='lat' dir='ltr'>eum</span> <span class='ocrx_word' id='word_1_4' title='bbox 838 383 887 431; x_wconf 92' lang='lat' dir='ltr'>in</span> <span class='ocrx_word' id='word_1_5' title='bbox 915 383 1148 449; x_wconf 90' lang='lat' dir='ltr'>judicium</span> <span class='ocrx_word' id='word_1_6' title='bbox 1186 402 1352 433; x_wconf 89' lang='lat' dir='ltr'>omnes</span> <span class='ocrx_word' id='word_1_7' title='bbox 1390 386 1641 437; x_wconf 85' lang='lat' dir='ltr'><strong>adducant.</strong></span> 
     </span>
     <span class='ocr_line' id='line_1_2' title="bbox 176 449 1716 508; baseline 0 -9"><span class='ocrx_word' id='word_1_8' title='bbox 176 449 400 499; x_wconf 80' lang='lat' dir='ltr'><strong>Attamen</strong></span> <span class='ocrx_word' id='word_1_9' title='bbox 449 452 579 500; x_wconf 90' lang='lat' dir='ltr'>vobis</span> <span class='ocrx_word' id='word_1_10' title='bbox 634 452 893 500; x_wconf 88' lang='lat' dir='ltr'>cavendum</span> <span class='ocrx_word' id='word_1_11' title='bbox 932 462 1020 508; x_wconf 90' lang='lat' dir='ltr'>est,</span> <span class='ocrx_word' id='word_1_12' title='bbox 1056 471 1116 501; x_wconf 90' lang='lat' dir='ltr'>ne</span> <span class='ocrx_word' id='word_1_13' title='bbox 1154 471 1211 501; x_wconf 86' lang='lat' dir='ltr'>ex</span> <span class='ocrx_word' id='word_1_14' title='bbox 1246 454 1520 503; x_wconf 85' lang='lat' dir='ltr'>infirmitate</span> <span class='ocrx_word' id='word_1_15' title='bbox 1559 474 1640 503; x_wconf 90' lang='lat' dir='ltr'>eo-</span> <span class='ocrx_word' id='word_1_16' title='bbox 1673 467 1716 499; x_wconf 69' lang='lat'>19</span> 
     </span>
     <span class='ocr_line' id='line_1_3' title="bbox 175 521 1639 587; baseline 0.004 -20"><span class='ocrx_word' id='word_1_17' title='bbox 175 537 280 568; x_wconf 90' lang='lat' dir='ltr'>rum</span> <span class='ocrx_word' id='word_1_18' title='bbox 325 521 560 586; x_wconf 83' lang='lat' dir='ltr'>duplicem</span> <span class='ocrx_word' id='word_1_19' title='bbox 603 521 682 569; x_wconf 90' lang='lat' dir='ltr'>ille</span> <span class='ocrx_word' id='word_1_20' title='bbox 719 522 947 587; x_wconf 87' lang='lat' dir='ltr'>percipiat</span> <span class='ocrx_word' id='word_1_21' title='bbox 981 523 1208 579; x_wconf 84' lang='lat' dir='ltr'>fructum,</span> <span class='ocrx_word' id='word_1_22' title='bbox 1244 524 1283 572; x_wconf 89' lang='lat' dir='ltr'>si</span> <span class='ocrx_word' id='word_1_23' title='bbox 1319 525 1513 587; x_wconf 88' lang='lat' dir='ltr'>quidem</span> <span class='ocrx_word' id='word_1_24' title='bbox 1553 525 1639 573; x_wconf 94' lang='lat' dir='ltr'>bo-</span> 
     </span>
     <span class='ocr_line' id='line_1_4' title="bbox 175 590 1639 655; baseline 0.003 -18"><span class='ocrx_word' id='word_1_25' title='bbox 175 590 246 638; x_wconf 92' lang='lat' dir='ltr'>nis</span> <span class='ocrx_word' id='word_1_26' title='bbox 284 608 446 638; x_wconf 91' lang='lat' dir='ltr'>eorum</span> <span class='ocrx_word' id='word_1_27' title='bbox 485 590 691 654; x_wconf 91' lang='lat' dir='ltr'>primum</span> <span class='ocrx_word' id='word_1_28' title='bbox 734 591 932 655; x_wconf 90' lang='lat' dir='ltr'>potitus,</span> <span class='ocrx_word' id='word_1_29' title='bbox 970 591 1142 639; x_wconf 90' lang='lat' dir='ltr'>deinde</span> <span class='ocrx_word' id='word_1_30' title='bbox 1182 609 1209 639; x_wconf 88' lang='lat' dir='ltr'>a</span> <span class='ocrx_word' id='word_1_31' title='bbox 1241 592 1373 640; x_wconf 91' lang='lat' dir='ltr'>vobis</span> <span class='ocrx_word' id='word_1_32' title='bbox 1402 595 1639 642; x_wconf 85' lang='lat' dir='ltr'>senatorio</span> 
     </span>
     <span class='ocr_line' id='line_1_5' title="bbox 176 658 1637 727; baseline 0.003 -22"><span class='ocrx_word' id='word_1_33' title='bbox 176 676 371 707; x_wconf 91' lang='lat' dir='ltr'>munere</span> <span class='ocrx_word' id='word_1_34' title='bbox 408 658 577 722; x_wconf 89' lang='lat' dir='ltr'>dignus</span> <span class='ocrx_word' id='word_1_35' title='bbox 608 660 866 724; x_wconf 81' lang='lat' dir='ltr'>judicetur3</span> <span class='ocrx_word' id='word_1_36' title='bbox 903 677 1065 707; x_wconf 89' lang='lat' dir='ltr'>verum</span> <span class='ocrx_word' id='word_1_37' title='bbox 1104 660 1317 724; x_wconf 91' lang='lat' dir='ltr'>quisquis</span> <span class='ocrx_word' id='word_1_38' title='bbox 1342 662 1512 727; x_wconf 89' lang='lat' dir='ltr'>injuria</span> <span class='ocrx_word' id='word_1_39' title='bbox 1537 672 1637 709; x_wconf 86' lang='lat' dir='ltr'>tum</span> 
     </span>
     <span class='ocr_line' id='line_1_6' title="bbox 175 728 1640 792; baseline 0.003 -18"><span class='ocrx_word' id='word_1_40' title='bbox 175 728 371 775; x_wconf 86' lang='lat' dir='ltr'>affectus</span> <span class='ocrx_word' id='word_1_41' title='bbox 407 728 658 792; x_wconf 90' lang='lat' dir='ltr'>prodierit,</span> <span class='ocrx_word' id='word_1_42' title='bbox 695 728 899 775; x_wconf 90' lang='lat' dir='ltr'>multum</span> <span class='ocrx_word' id='word_1_43' title='bbox 930 729 1048 776; x_wconf 91' lang='lat' dir='ltr'>illud</span> <span class='ocrx_word' id='word_1_44' title='bbox 1084 729 1237 776; x_wconf 87' lang='lat' dir='ltr'>valere</span> <span class='ocrx_word' id='word_1_45' title='bbox 1276 731 1552 778; x_wconf 84' lang='lat' dir='ltr'>existimetis</span> <span class='ocrx_word' id='word_1_46' title='bbox 1594 740 1640 778; x_wconf 92' lang='lat' dir='ltr'>et</span> 
     </span>
     <span class='ocr_line' id='line_1_7' title="bbox 177 796 1638 864; baseline 0.003 -21"><span class='ocrx_word' id='word_1_47' title='bbox 177 813 320 861; x_wconf 88' lang='lat' dir='ltr'>quam</span> <span class='ocrx_word' id='word_1_48' title='bbox 377 797 583 844; x_wconf 87' lang='lat' dir='ltr'>maximo</span> <span class='ocrx_word' id='word_1_49' title='bbox 638 797 746 845; x_wconf 93' lang='lat' dir='ltr'>odio</span> <span class='ocrx_word' id='word_1_50' title='bbox 800 796 1055 845; x_wconf 86' lang='lat' dir='ltr'>Philonem</span> <span class='ocrx_word' id='word_1_51' title='bbox 1107 798 1342 854; x_wconf 87' lang='lat' dir='ltr'>habeatis,</span> <span class='ocrx_word' id='word_1_52' title='bbox 1386 800 1467 864; x_wconf 91' lang='lat' dir='ltr'>qui</span> <span class='ocrx_word' id='word_1_53' title='bbox 1500 799 1638 847; x_wconf 90' lang='lat' dir='ltr'>bonis</span> 
     </span>
     <span class='ocr_line' id='line_1_8' title="bbox 176 866 1637 928; baseline 0.003 -16"><span class='ocrx_word' id='word_1_54' title='bbox 176 881 257 912; x_wconf 90' lang='lat' dir='ltr'>eos</span> <span class='ocrx_word' id='word_1_55' title='bbox 294 881 463 913; x_wconf 87' lang='lat' dir='ltr'>exuere</span> <span class='ocrx_word' id='word_1_56' title='bbox 500 881 641 912; x_wconf 92' lang='lat' dir='ltr'>ausus</span> <span class='ocrx_word' id='word_1_57' title='bbox 678 873 770 919; x_wconf 91' lang='lat' dir='ltr'>est,</span> <span class='ocrx_word' id='word_1_58' title='bbox 806 881 1007 928; x_wconf 92' lang='lat' dir='ltr'>quorum</span> <span class='ocrx_word' id='word_1_59' title='bbox 1043 866 1323 914; x_wconf 82' lang='lat' dir='ltr'><strong>tenuitatem</strong></span> <span class='ocrx_word' id='word_1_60' title='bbox 1349 868 1427 916; x_wconf 83' lang='lat' dir='ltr'>alii</span> <span class='ocrx_word' id='word_1_61' title='bbox 1453 868 1637 915; x_wconf 89' lang='lat' dir='ltr'>miseri-</span> 
     </span>
     <span class='ocr_line' id='line_1_9' title="bbox 175 933 1636 1000; baseline 0.001 -18"><span class='ocrx_word' id='word_1_62' title='bbox 175 934 331 982; x_wconf 85' lang='lat' dir='ltr'><strong>cordia</strong></span> <span class='ocrx_word' id='word_1_63' title='bbox 384 934 571 998; x_wconf 86' lang='lat' dir='ltr'>inopiae</span> <span class='ocrx_word' id='word_1_64' title='bbox 617 933 829 981; x_wconf 83' lang='lat' dir='ltr'>adhibita</span> <span class='ocrx_word' id='word_1_65' title='bbox 865 933 1033 1000; x_wconf 89' lang='lat' dir='ltr'>opibus</span> <span class='ocrx_word' id='word_1_66' title='bbox 1070 934 1166 982; x_wconf 88' lang='lat' dir='ltr'>suis</span> <span class='ocrx_word' id='word_1_67' title='bbox 1204 936 1450 984; x_wconf 88' lang='lat' dir='ltr'>sublevare</span> <span class='ocrx_word' id='word_1_68' title='bbox 1488 937 1636 985; x_wconf 87' lang='lat' dir='ltr'>male-</span> 
     </span>
     <span class='ocr_line' id='line_1_10' title="bbox 172 1001 910 1054; baseline 0.001 -2"><span class='ocrx_word' id='word_1_69' title='bbox 172 1004 300 1052; x_wconf 83' lang='lat' dir='ltr'><strong>bant.</strong></span> <span class='ocrx_word' id='word_1_70' title='bbox 373 1001 480 1051; x_wconf 80' lang='lat' dir='ltr'>Cita</span> <span class='ocrx_word' id='word_1_71' title='bbox 515 1011 566 1050; x_wconf 94' lang='lat' dir='ltr'>tu</span> <span class='ocrx_word' id='word_1_72' title='bbox 600 1003 718 1051; x_wconf 90' lang='lat' dir='ltr'>mihi</span> <span class='ocrx_word' id='word_1_73' title='bbox 753 1011 910 1054; x_wconf 77' lang='lat' dir='ltr'>testes,</span> 
     </span>
     <span class='ocr_line' id='line_1_11' title="bbox 369 1069 378 1085; baseline 0 0"><span class='ocrx_word' id='word_1_74' title='bbox 369 1069 378 1085; x_wconf 96' lang='grc' dir='ltr'><em>Ι</em></span> 
     </span>
    </p>
   </div>
   <div class='ocr_carea' id='block_1_2' title="bbox 775 1161 1042 1217">
    <p class='ocr_par' dir='ltr' id='par_1_2' title="bbox 775 1161 1042 1217">
     <span class='ocr_line' id='line_1_12' title="bbox 775 1161 1042 1217; baseline 0.011 -3"><span class='ocrx_word' id='word_1_75' title='bbox 775 1161 1042 1217; x_wconf 81' lang='lat' dir='ltr'>Testes,</span> 
     </span>
    </p>
   </div>
   <div class='ocr_carea' id='block_1_3' title="bbox 171 1274 1711 2852">
    <p class='ocr_par' dir='ltr' id='par_1_3' title="bbox 171 1274 1711 2852">
     <span class='ocr_line' id='line_1_13' title="bbox 311 1274 1711 1341; baseline 0.001 -17"><span class='ocrx_word' id='word_1_76' title='bbox 311 1274 546 1340; x_wconf 86' lang='lat' dir='ltr'>Equidem</span> <span class='ocrx_word' id='word_1_77' title='bbox 585 1293 679 1324; x_wconf 91' lang='lat' dir='ltr'>non</span> <span class='ocrx_word' id='word_1_78' title='bbox 715 1275 927 1340; x_wconf 82' lang='lat' dir='ltr'>intelligo</span> <span class='ocrx_word' id='word_1_79' title='bbox 965 1276 1079 1341; x_wconf 91' lang='lat' dir='ltr'>quid</span> <span class='ocrx_word' id='word_1_80' title='bbox 1119 1283 1386 1341; x_wconf 83' lang='lat' dir='ltr'>spectantes</span> <span class='ocrx_word' id='word_1_81' title='bbox 1423 1276 1559 1324; x_wconf 87' lang='lat' dir='ltr'>aliter</span> <span class='ocrx_word' id='word_1_82' title='bbox 1576 1277 1635 1325; x_wconf 88' lang='lat' dir='ltr'>de</span> <span class='ocrx_word' id='word_1_83' title='bbox 1666 1293 1711 1326; x_wconf 75' lang='lat'>20</span> 
     </span>
     <span class='ocr_line' id='line_1_14' title="bbox 173 1344 1635 1410; baseline 0.001 -18"><span class='ocrx_word' id='word_1_84' title='bbox 173 1344 253 1393; x_wconf 91' lang='lat' dir='ltr'>illo</span> <span class='ocrx_word' id='word_1_85' title='bbox 306 1345 479 1393; x_wconf 87' lang='lat' dir='ltr'>sentire</span> <span class='ocrx_word' id='word_1_86' title='bbox 532 1362 612 1393; x_wconf 92' lang='lat' dir='ltr'>vos</span> <span class='ocrx_word' id='word_1_87' title='bbox 664 1351 877 1409; x_wconf 84' lang='lat' dir='ltr'>oporteat</span> <span class='ocrx_word' id='word_1_88' title='bbox 932 1355 1074 1409; x_wconf 89' lang='lat' dir='ltr'>atque</span> <span class='ocrx_word' id='word_1_89' title='bbox 1111 1345 1367 1410; x_wconf 89' lang='lat' dir='ltr'>propinqui</span> <span class='ocrx_word' id='word_1_90' title='bbox 1395 1346 1635 1395; x_wconf 75' lang='lat' dir='ltr'>sentiant.</span> 
     </span>
     <span class='ocr_line' id='line_1_15' title="bbox 174 1411 1636 1477; baseline 0.001 -17"><span class='ocrx_word' id='word_1_91' title='bbox 174 1411 391 1466; x_wconf 79' lang='lat' dir='ltr'>Quorum</span> <span class='ocrx_word' id='word_1_92' title='bbox 432 1414 491 1461; x_wconf 90' lang='lat' dir='ltr'>de</span> <span class='ocrx_word' id='word_1_93' title='bbox 528 1412 738 1461; x_wconf 89' lang='lat' dir='ltr'>moribus</span> <span class='ocrx_word' id='word_1_94' title='bbox 774 1412 859 1460; x_wconf 87' lang='lat' dir='ltr'>viri</span> <span class='ocrx_word' id='word_1_95' title='bbox 895 1413 1054 1477; x_wconf 90' lang='lat' dir='ltr'>opinio</span> <span class='ocrx_word' id='word_1_96' title='bbox 1091 1413 1197 1461; x_wconf 87' lang='lat' dir='ltr'>talis</span> <span class='ocrx_word' id='word_1_97' title='bbox 1235 1422 1325 1468; x_wconf 89' lang='lat' dir='ltr'>est,</span> <span class='ocrx_word' id='word_1_98' title='bbox 1362 1421 1416 1461; x_wconf 93' lang='lat' dir='ltr'>ut</span> <span class='ocrx_word' id='word_1_99' title='bbox 1451 1414 1636 1462; x_wconf 89' lang='lat' dir='ltr'>etiamsi</span> 
     </span>
     <span class='ocr_line' id='line_1_16' title="bbox 173 1481 1637 1548; baseline 0.001 -19"><span class='ocrx_word' id='word_1_100' title='bbox 173 1482 292 1530; x_wconf 88' lang='lat' dir='ltr'>nihil</span> <span class='ocrx_word' id='word_1_101' title='bbox 346 1482 475 1529; x_wconf 85' lang='lat' dir='ltr'>aliud</span> <span class='ocrx_word' id='word_1_102' title='bbox 530 1481 838 1537; x_wconf 85' lang='lat' dir='ltr'>commiserit,</span> <span class='ocrx_word' id='word_1_103' title='bbox 875 1492 1069 1548; x_wconf 89' lang='lat' dir='ltr'>propter</span> <span class='ocrx_word' id='word_1_104' title='bbox 1105 1500 1211 1530; x_wconf 90' lang='lat' dir='ltr'>eam</span> <span class='ocrx_word' id='word_1_105' title='bbox 1245 1482 1398 1530; x_wconf 87' lang='lat' dir='ltr'>solum</span> <span class='ocrx_word' id='word_1_106' title='bbox 1431 1483 1538 1547; x_wconf 85' lang='lat' dir='ltr'>jure</span> <span class='ocrx_word' id='word_1_107' title='bbox 1576 1483 1637 1530; x_wconf 86' lang='lat' dir='ltr'>sit</span> 
     </span>
     <span class='ocr_line' id='line_1_17' title="bbox 174 1549 1637 1617; baseline 0.001 -19"><span class='ocrx_word' id='word_1_108' title='bbox 174 1550 518 1617; x_wconf 83' lang='lat' dir='ltr'>reprobandus.</span> <span class='ocrx_word' id='word_1_109' title='bbox 588 1549 723 1604; x_wconf 75' lang='lat' dir='ltr'>Quae</span> <span class='ocrx_word' id='word_1_110' title='bbox 773 1559 924 1598; x_wconf 88' lang='lat' dir='ltr'>mater</span> <span class='ocrx_word' id='word_1_111' title='bbox 977 1552 1135 1598; x_wconf 87' lang='lat' dir='ltr'>vivens</span> <span class='ocrx_word' id='word_1_112' title='bbox 1191 1550 1233 1597; x_wconf 88' lang='lat' dir='ltr'>ei</span> <span class='ocrx_word' id='word_1_113' title='bbox 1273 1551 1456 1598; x_wconf 87' lang='lat' dir='ltr'>crimini</span> <span class='ocrx_word' id='word_1_114' title='bbox 1493 1551 1637 1599; x_wconf 82' lang='lat' dir='ltr'>dabat</span> 
     </span>
     <span class='ocr_line' id='line_1_18' title="bbox 175 1619 1634 1684; baseline 0 -16"><span class='ocrx_word' id='word_1_115' title='bbox 175 1621 413 1673; x_wconf 80' lang='lat' dir='ltr'>omittam3</span> <span class='ocrx_word' id='word_1_116' title='bbox 450 1637 508 1667; x_wconf 88' lang='lat' dir='ltr'>ex</span> <span class='ocrx_word' id='word_1_117' title='bbox 543 1620 599 1667; x_wconf 87' lang='lat' dir='ltr'>iis</span> <span class='ocrx_word' id='word_1_118' title='bbox 635 1629 818 1674; x_wconf 91' lang='lat' dir='ltr'>autem,</span> <span class='ocrx_word' id='word_1_119' title='bbox 854 1637 970 1684; x_wconf 88' lang='lat' dir='ltr'>quas</span> <span class='ocrx_word' id='word_1_120' title='bbox 1005 1621 1210 1668; x_wconf 91' lang='lat' dir='ltr'>moriens</span> <span class='ocrx_word' id='word_1_121' title='bbox 1235 1619 1385 1667; x_wconf 87' lang='lat' dir='ltr'>inibat</span> <span class='ocrx_word' id='word_1_122' title='bbox 1408 1621 1634 1676; x_wconf 88' lang='lat' dir='ltr'>rationes,</span> 
     </span>
     <span class='ocr_line' id='line_1_19' title="bbox 173 1688 1634 1753; baseline -0.001 -17"><span class='ocrx_word' id='word_1_123' title='bbox 173 1690 488 1753; x_wconf 86' lang='lat' dir='ltr'>conjecturam</span> <span class='ocrx_word' id='word_1_124' title='bbox 533 1688 758 1735; x_wconf 80' lang='lat' dir='ltr'>facientes</span> <span class='ocrx_word' id='word_1_125' title='bbox 812 1689 1101 1735; x_wconf 90' lang='lat' dir='ltr'>voluntatem</span> <span class='ocrx_word' id='word_1_126' title='bbox 1149 1690 1248 1753; x_wconf 91' lang='lat' dir='ltr'>ejus</span> <span class='ocrx_word' id='word_1_127' title='bbox 1286 1706 1394 1752; x_wconf 88' lang='lat' dir='ltr'>erga</span> <span class='ocrx_word' id='word_1_128' title='bbox 1432 1697 1634 1736; x_wconf 89' lang='lat' dir='ltr'>matrem</span> 
     </span>
     <span class='ocr_line' id='line_1_20' title="bbox 171 1756 1705 1821; baseline -0.002 -17"><span class='ocrx_word' id='word_1_129' title='bbox 171 1757 307 1804; x_wconf 79' lang='lat' dir='ltr'>facile</span> <span class='ocrx_word' id='word_1_130' title='bbox 342 1757 647 1821; x_wconf 87' lang='lat' dir='ltr'>introspicere</span> <span class='ocrx_word' id='word_1_131' title='bbox 681 1756 906 1821; x_wconf 83' lang='lat' dir='ltr'>poteritis.</span> <span class='ocrx_word' id='word_1_132' title='bbox 978 1756 1113 1808; x_wconf 79' lang='lat' dir='ltr'>Quae</span> <span class='ocrx_word' id='word_1_133' title='bbox 1150 1773 1298 1820; x_wconf 89' lang='lat' dir='ltr'>quum</span> <span class='ocrx_word' id='word_1_134' title='bbox 1336 1757 1395 1803; x_wconf 91' lang='lat' dir='ltr'>de</span> <span class='ocrx_word' id='word_1_135' title='bbox 1432 1757 1525 1803; x_wconf 89' lang='lat' dir='ltr'>fide</span> <span class='ocrx_word' id='word_1_136' title='bbox 1551 1757 1634 1804; x_wconf 92' lang='lat' dir='ltr'>filii</span> <span class='ocrx_word' id='word_1_137' title='bbox 1664 1769 1705 1802; x_wconf 77' lang='lat'>⁴21</span> 
     </span>
     <span class='ocr_line' id='line_1_21' title="bbox 174 1824 1633 1880; baseline -0.001 -8"><span class='ocrx_word' id='word_1_138' title='bbox 174 1826 435 1880; x_wconf 88' lang='lat' dir='ltr'>dubitaret,</span> <span class='ocrx_word' id='word_1_139' title='bbox 473 1834 707 1872; x_wconf 88' lang='lat' dir='ltr'>mortuam</span> <span class='ocrx_word' id='word_1_140' title='bbox 743 1842 794 1871; x_wconf 88' lang='lat' dir='ltr'>se</span> <span class='ocrx_word' id='word_1_141' title='bbox 831 1825 873 1872; x_wconf 92' lang='lat' dir='ltr'>ei</span> <span class='ocrx_word' id='word_1_142' title='bbox 909 1826 1201 1872; x_wconf 90' lang='lat' dir='ltr'>committere</span> <span class='ocrx_word' id='word_1_143' title='bbox 1226 1824 1397 1879; x_wconf 90' lang='lat' dir='ltr'>noluit,</span> <span class='ocrx_word' id='word_1_144' title='bbox 1419 1825 1504 1871; x_wconf 89' lang='lat' dir='ltr'>sed</span> <span class='ocrx_word' id='word_1_145' title='bbox 1529 1826 1633 1871; x_wconf 91' lang='lat' dir='ltr'>An-</span> 
     </span>
     <span class='ocr_line' id='line_1_22' title="bbox 171 1893 1633 1959; baseline 0 -18"><span class='ocrx_word' id='word_1_146' title='bbox 171 1894 376 1959; x_wconf 89' lang='lat' dir='ltr'>tiphani,</span> <span class='ocrx_word' id='word_1_147' title='bbox 430 1893 560 1940; x_wconf 91' lang='lat' dir='ltr'>nullo</span> <span class='ocrx_word' id='word_1_148' title='bbox 615 1894 855 1957; x_wconf 86' lang='lat' dir='ltr'>sanguinis</span> <span class='ocrx_word' id='word_1_149' title='bbox 908 1894 1091 1942; x_wconf 88' lang='lat' dir='ltr'>vinculo</span> <span class='ocrx_word' id='word_1_150' title='bbox 1146 1910 1306 1940; x_wconf 81' lang='lat' dir='ltr'>secum</span> <span class='ocrx_word' id='word_1_151' title='bbox 1361 1894 1633 1958; x_wconf 89' lang='lat' dir='ltr'>conjuncto,</span> 
     </span>
     <span class='ocr_line' id='line_1_23' title="bbox 173 1962 1635 2027; baseline -0.001 -16"><span class='ocrx_word' id='word_1_152' title='bbox 173 1963 415 2011; x_wconf 87' lang='lat' dir='ltr'>confidens</span> <span class='ocrx_word' id='word_1_153' title='bbox 451 1963 510 2010; x_wconf 88' lang='lat' dir='ltr'>ad</span> <span class='ocrx_word' id='word_1_154' title='bbox 545 1962 788 2027; x_wconf 78' lang='lat' dir='ltr'>impensas</span> <span class='ocrx_word' id='word_1_155' title='bbox 824 1963 1002 2010; x_wconf 80' lang='lat' dir='ltr'>funeris</span> <span class='ocrx_word' id='word_1_156' title='bbox 1037 1962 1304 2010; x_wconf 88' lang='lat' dir='ltr'>tolerandas</span> <span class='ocrx_word' id='word_1_157' title='bbox 1340 1970 1434 2009; x_wconf 85' lang='lat' dir='ltr'>tres</span> <span class='ocrx_word' id='word_1_158' title='bbox 1455 1962 1635 2027; x_wconf 84' lang='lat' dir='ltr'>argenti</span> 
     </span>
     <span class='ocr_line' id='line_1_24' title="bbox 173 2030 1632 2095; baseline -0.001 -16"><span class='ocrx_word' id='word_1_159' title='bbox 173 2032 326 2079; x_wconf 87' lang='lat' dir='ltr'>minas</span> <span class='ocrx_word' id='word_1_160' title='bbox 360 2032 492 2078; x_wconf 89' lang='lat' dir='ltr'>dedit</span> <span class='ocrx_word' id='word_1_161' title='bbox 526 2047 611 2078; x_wconf 87' lang='lat' dir='ltr'>suo</span> <span class='ocrx_word' id='word_1_162' title='bbox 648 2031 794 2095; x_wconf 88' lang='lat' dir='ltr'>ipsius</span> <span class='ocrx_word' id='word_1_163' title='bbox 830 2031 926 2078; x_wconf 88' lang='lat' dir='ltr'>filio</span> <span class='ocrx_word' id='word_1_164' title='bbox 963 2031 1189 2095; x_wconf 90' lang='lat' dir='ltr'>neglecto.</span> <span class='ocrx_word' id='word_1_165' title='bbox 1251 2030 1422 2076; x_wconf 90' lang='lat' dir='ltr'>Nonne</span> <span class='ocrx_word' id='word_1_166' title='bbox 1446 2032 1632 2095; x_wconf 87' lang='lat' dir='ltr'>perspi-—</span> 
     </span>
     <span class='ocr_line' id='line_1_25' title="bbox 175 2096 1635 2164; baseline -0.002 -15"><span class='ocrx_word' id='word_1_167' title='bbox 175 2117 314 2149; x_wconf 92' lang='lat' dir='ltr'>cuum</span> <span class='ocrx_word' id='word_1_168' title='bbox 367 2108 438 2147; x_wconf 87' lang='lat' dir='ltr'>est</span> <span class='ocrx_word' id='word_1_169' title='bbox 490 2115 766 2164; x_wconf 89' lang='lat' dir='ltr'>persuasum</span> <span class='ocrx_word' id='word_1_170' title='bbox 817 2099 947 2147; x_wconf 89' lang='lat' dir='ltr'>illam</span> <span class='ocrx_word' id='word_1_171' title='bbox 1002 2096 1246 2153; x_wconf 89' lang='lat' dir='ltr'>habuisse,</span> <span class='ocrx_word' id='word_1_172' title='bbox 1300 2098 1449 2144; x_wconf 90' lang='lat' dir='ltr'>filium</span> <span class='ocrx_word' id='word_1_173' title='bbox 1505 2100 1635 2146; x_wconf 86' lang='lat' dir='ltr'>nulla</span> 
     </span>
     <span class='ocr_line' id='line_1_26' title="bbox 173 2167 1633 2233; baseline -0.001 -16"><span class='ocrx_word' id='word_1_174' title='bbox 173 2168 536 2233; x_wconf 89' lang='lat' dir='ltr'>propinquitatis</span> <span class='ocrx_word' id='word_1_175' title='bbox 588 2168 768 2215; x_wconf 91' lang='lat' dir='ltr'>ratione</span> <span class='ocrx_word' id='word_1_176' title='bbox 821 2168 981 2217; x_wconf 86' lang='lat' dir='ltr'>habita</span> <span class='ocrx_word' id='word_1_177' title='bbox 1033 2184 1093 2216; x_wconf 90' lang='lat' dir='ltr'>ne</span> <span class='ocrx_word' id='word_1_178' title='bbox 1141 2170 1269 2232; x_wconf 77' lang='lat' dir='ltr'>Justa</span> <span class='ocrx_word' id='word_1_179' title='bbox 1313 2167 1506 2231; x_wconf 88' lang='lat' dir='ltr'>quidem</span> <span class='ocrx_word' id='word_1_180' title='bbox 1543 2169 1633 2216; x_wconf 88' lang='lat' dir='ltr'>sibi</span> 
     </span>
     <span class='ocr_line' id='line_1_27' title="bbox 174 2236 1707 2301; baseline -0.001 -16"><span class='ocrx_word' id='word_1_181' title='bbox 174 2237 526 2301; x_wconf 87' lang='lat' dir='ltr'>persoluturum</span> <span class='ocrx_word' id='word_1_182' title='bbox 564 2237 695 2284; x_wconf 82' lang='lat' dir='ltr'>esse?</span> <span class='ocrx_word' id='word_1_183' title='bbox 764 2236 912 2299; x_wconf 90' lang='lat' dir='ltr'>Atqui</span> <span class='ocrx_word' id='word_1_184' title='bbox 948 2237 987 2285; x_wconf 89' lang='lat' dir='ltr'>si</span> <span class='ocrx_word' id='word_1_185' title='bbox 1024 2244 1195 2292; x_wconf 81' lang='lat' dir='ltr'>mater,</span> <span class='ocrx_word' id='word_1_186' title='bbox 1229 2251 1351 2299; x_wconf 86' lang='lat' dir='ltr'>quae</span> <span class='ocrx_word' id='word_1_187' title='bbox 1376 2245 1542 2284; x_wconf 86' lang='lat' dir='ltr'>natura</span> <span class='ocrx_word' id='word_1_188' title='bbox 1568 2237 1633 2284; x_wconf 86' lang='lat' dir='ltr'>ita</span> <span class='ocrx_word' id='word_1_189' title='bbox 1660 2252 1707 2285; x_wconf 73' lang='lat'>22</span> 
     </span>
     <span class='ocr_line' id='line_1_28' title="bbox 174 2303 1633 2369; baseline -0.001 -15"><span class='ocrx_word' id='word_1_190' title='bbox 174 2315 245 2354; x_wconf 88' lang='lat' dir='ltr'>est</span> <span class='ocrx_word' id='word_1_191' title='bbox 299 2311 587 2369; x_wconf 86' lang='lat' dir='ltr'>comparata,</span> <span class='ocrx_word' id='word_1_192' title='bbox 642 2312 696 2352; x_wconf 93' lang='lat' dir='ltr'>ut</span> <span class='ocrx_word' id='word_1_193' title='bbox 738 2322 766 2353; x_wconf 85' lang='lat' dir='ltr'>a</span> <span class='ocrx_word' id='word_1_194' title='bbox 800 2303 959 2353; x_wconf 87' lang='lat' dir='ltr'>liberis</span> <span class='ocrx_word' id='word_1_195' title='bbox 996 2303 1176 2369; x_wconf 89' lang='lat' dir='ltr'>injuriis</span> <span class='ocrx_word' id='word_1_196' title='bbox 1217 2304 1431 2368; x_wconf 90' lang='lat' dir='ltr'>quamvis</span> <span class='ocrx_word' id='word_1_197' title='bbox 1467 2304 1633 2353; x_wconf 85' lang='lat' dir='ltr'>affecta</span> 
     </span>
     <span class='ocr_line' id='line_1_29' title="bbox 174 2372 1631 2441; baseline -0.001 -19"><span class='ocrx_word' id='word_1_198' title='bbox 174 2375 453 2441; x_wconf 88' lang='lat' dir='ltr'>plerumque</span> <span class='ocrx_word' id='word_1_199' title='bbox 491 2391 569 2421; x_wconf 91' lang='lat' dir='ltr'>eas</span> <span class='ocrx_word' id='word_1_200' title='bbox 605 2391 755 2438; x_wconf 88' lang='lat' dir='ltr'>aequo</span> <span class='ocrx_word' id='word_1_201' title='bbox 792 2373 949 2422; x_wconf 87' lang='lat' dir='ltr'>animo</span> <span class='ocrx_word' id='word_1_202' title='bbox 978 2372 1172 2438; x_wconf 88' lang='lat' dir='ltr'>recipiat</span> <span class='ocrx_word' id='word_1_203' title='bbox 1197 2373 1458 2436; x_wconf 90' lang='lat' dir='ltr'>eademque</span> <span class='ocrx_word' id='word_1_204' title='bbox 1483 2372 1631 2421; x_wconf 86' lang='lat' dir='ltr'>bene-</span> 
     </span>
     <span class='ocr_line' id='line_1_30' title="bbox 172 2442 1632 2509; baseline -0.002 -16"><span class='ocrx_word' id='word_1_205' title='bbox 172 2445 288 2493; x_wconf 88' lang='lat' dir='ltr'>ficiis</span> <span class='ocrx_word' id='word_1_206' title='bbox 325 2443 538 2508; x_wconf 89' lang='lat' dir='ltr'>quamvis</span> <span class='ocrx_word' id='word_1_207' title='bbox 576 2444 755 2509; x_wconf 81' lang='lat' dir='ltr'>exiguis</span> <span class='ocrx_word' id='word_1_208' title='bbox 792 2444 915 2491; x_wconf 87' lang='lat' dir='ltr'>culta</span> <span class='ocrx_word' id='word_1_209' title='bbox 952 2443 1153 2490; x_wconf 82' lang='lat' dir='ltr'>multum</span> <span class='ocrx_word' id='word_1_210' title='bbox 1191 2459 1241 2489; x_wconf 89' lang='lat' dir='ltr'>se</span> <span class='ocrx_word' id='word_1_211' title='bbox 1278 2442 1488 2507; x_wconf 88' lang='lat' dir='ltr'>accipere</span> <span class='ocrx_word' id='word_1_212' title='bbox 1533 2443 1632 2490; x_wconf 89' lang='lat' dir='ltr'>exi-</span> 
     </span>
     <span class='ocr_line' id='line_1_31' title="bbox 173 2512 1632 2576; baseline -0.003 -13"><span class='ocrx_word' id='word_1_213' title='bbox 173 2515 355 2568; x_wconf 89' lang='lat' dir='ltr'>stimet,</span> <span class='ocrx_word' id='word_1_214' title='bbox 391 2521 444 2559; x_wconf 94' lang='lat' dir='ltr'>ut</span> <span class='ocrx_word' id='word_1_215' title='bbox 479 2528 599 2575; x_wconf 89' lang='lat' dir='ltr'>quae</span> <span class='ocrx_word' id='word_1_216' title='bbox 636 2530 709 2560; x_wconf 90' lang='lat' dir='ltr'>res</span> <span class='ocrx_word' id='word_1_217' title='bbox 741 2512 1069 2560; x_wconf 88' lang='lat' dir='ltr'>benevolentia</span> <span class='ocrx_word' id='word_1_218' title='bbox 1105 2512 1255 2576; x_wconf 88' lang='lat' dir='ltr'>magis</span> <span class='ocrx_word' id='word_1_219' title='bbox 1292 2529 1435 2575; x_wconf 89' lang='lat' dir='ltr'>quam</span> <span class='ocrx_word' id='word_1_220' title='bbox 1462 2512 1632 2559; x_wconf 86' lang='lat' dir='ltr'>effectu</span> 
     </span>
     <span class='ocr_line' id='line_1_32' title="bbox 174 2581 1633 2644; baseline -0.004 -12"><span class='ocrx_word' id='word_1_221' title='bbox 174 2585 416 2637; x_wconf 88' lang='lat' dir='ltr'>aestimet,</span> <span class='ocrx_word' id='word_1_222' title='bbox 465 2582 505 2629; x_wconf 88' lang='lat' dir='ltr'>si</span> <span class='ocrx_word' id='word_1_223' title='bbox 556 2582 659 2636; x_wconf 88' lang='lat' dir='ltr'>illa,</span> <span class='ocrx_word' id='word_1_224' title='bbox 711 2581 928 2644; x_wconf 76' lang='lat' dir='ltr'>inquam‘‚</span> <span class='ocrx_word' id='word_1_225' title='bbox 974 2581 1255 2628; x_wconf 86' lang='lat' dir='ltr'>existimavit</span> <span class='ocrx_word' id='word_1_226' title='bbox 1288 2581 1439 2627; x_wconf 88' lang='lat' dir='ltr'>filium</span> <span class='ocrx_word' id='word_1_227' title='bbox 1476 2598 1526 2627; x_wconf 86' lang='lat' dir='ltr'>se</span> <span class='ocrx_word' id='word_1_228' title='bbox 1561 2581 1633 2626; x_wconf 87' lang='lat' dir='ltr'>vel</span> 
     </span>
     <span class='ocr_line' id='line_1_33' title="bbox 175 2649 1632 2716; baseline -0.003 -16"><span class='ocrx_word' id='word_1_229' title='bbox 175 2661 409 2700; x_wconf 88' lang='lat' dir='ltr'>mortuam</span> <span class='ocrx_word' id='word_1_230' title='bbox 463 2650 771 2716; x_wconf 88' lang='lat' dir='ltr'>spoliaturum</span> <span class='ocrx_word' id='word_1_231' title='bbox 823 2667 949 2705; x_wconf 85' lang='lat' dir='ltr'>esse,</span> <span class='ocrx_word' id='word_1_232' title='bbox 1002 2665 1094 2712; x_wconf 92' lang='lat' dir='ltr'>quo</span> <span class='ocrx_word' id='word_1_233' title='bbox 1143 2649 1332 2696; x_wconf 85' lang='lat' dir='ltr'>tandem</span> <span class='ocrx_word' id='word_1_234' title='bbox 1389 2649 1546 2696; x_wconf 90' lang='lat' dir='ltr'>animo</span> <span class='ocrx_word' id='word_1_235' title='bbox 1584 2649 1632 2696; x_wconf 91' lang='lat' dir='ltr'>in</span> 
     </span>
     <span class='ocr_line' id='line_1_34' title="bbox 175 2717 1707 2783; baseline -0.005 -14"><span class='ocrx_word' id='word_1_236' title='bbox 175 2722 380 2769; x_wconf 89' lang='lat' dir='ltr'>eundem</span> <span class='ocrx_word' id='word_1_237' title='bbox 415 2736 495 2767; x_wconf 87' lang='lat' dir='ltr'>vos</span> <span class='ocrx_word' id='word_1_238' title='bbox 532 2736 634 2766; x_wconf 90' lang='lat' dir='ltr'>esse</span> <span class='ocrx_word' id='word_1_239' title='bbox 668 2720 879 2783; x_wconf 83' lang='lat' dir='ltr'>oportet?</span> <span class='ocrx_word' id='word_1_240' title='bbox 948 2717 1003 2764; x_wconf 90' lang='lat' dir='ltr'>In</span> <span class='ocrx_word' id='word_1_241' title='bbox 1039 2719 1330 2783; x_wconf 73' lang='lat' dir='ltr'>proPinquos</span> <span class='ocrx_word' id='word_1_242' title='bbox 1370 2717 1482 2765; x_wconf 89' lang='lat' dir='ltr'>talia</span> <span class='ocrx_word' id='word_1_243' title='bbox 1501 2736 1632 2765; x_wconf 89' lang='lat' dir='ltr'>com—</span> <span class='ocrx_word' id='word_1_244' title='bbox 1660 2731 1707 2762; x_wconf 74' lang='lat'>‘23</span> 
     </span>
     <span class='ocr_line' id='line_1_35' title="bbox 174 2785 1633 2852; baseline -0.002 -15"><span class='ocrx_word' id='word_1_245' title='bbox 174 2789 341 2846; x_wconf 83' lang='lat' dir='ltr'>mittit,</span> <span class='ocrx_word' id='word_1_246' title='bbox 395 2786 444 2836; x_wconf 90' lang='lat' dir='ltr'>in</span> <span class='ocrx_word' id='word_1_247' title='bbox 483 2787 663 2837; x_wconf 87' lang='lat' dir='ltr'>alienos</span> <span class='ocrx_word' id='word_1_248' title='bbox 700 2787 891 2851; x_wconf 86' lang='lat' dir='ltr'>qualern</span> <span class='ocrx_word' id='word_1_249' title='bbox 928 2804 979 2836; x_wconf 87' lang='lat' dir='ltr'>se</span> <span class='ocrx_word' id='word_1_250' title='bbox 1011 2786 1297 2852; x_wconf 86' lang='lat' dir='ltr'>praestabit?</span> <span class='ocrx_word' id='word_1_251' title='bbox 1365 2785 1437 2834; x_wconf 92' lang='lat' dir='ltr'>Ut</span> <span class='ocrx_word' id='word_1_252' title='bbox 1473 2795 1633 2835; x_wconf 89' lang='lat' dir='ltr'>autem</span> 
     </span>
    </p>
   </div>
  </div>
 </body>
</html>
