<?xml version="1.0" encoding="UTF-8"?>
<!DOCTYPE html PUBLIC "-//W3C//DTD XHTML 1.0 Transitional//EN"
    "http://www.w3.org/TR/xhtml1/DTD/xhtml1-transitional.dtd">
<html xmlns="http://www.w3.org/1999/xhtml" xml:lang="en" lang="en">
 <head>
  <title>
</title>
<meta http-equiv="Content-Type" content="text/html;charset=utf-8" />
  <meta name='ocr-system' content='tesseract 3.04.00' />
  <meta name='ocr-capabilities' content='ocr_page ocr_carea ocr_par ocr_line ocrx_word'/>
</head>
<body>
  <div class='ocr_page' id='page_1' title='image "4630629_0022.png"; bbox 0 0 1843 2987; ppageno 0'>
   <div class='ocr_carea' id='block_1_1' title="bbox 1587 281 1633 317">
    <p class='ocr_par' dir='ltr' id='par_1_1' title="bbox 1587 281 1633 317">
     <span class='ocr_line' id='line_1_1' title="bbox 1587 281 1633 317; baseline 0.022 -1"><span class='ocrx_word' id='word_1_1' title='bbox 1587 281 1633 317; x_wconf 81' lang='lat'><strong>1⁷</strong></span> 
     </span>
    </p>
   </div>
   <div class='ocr_carea' id='block_1_2' title="bbox 170 376 1638 1961">
    <p class='ocr_par' dir='ltr' id='par_1_2' title="bbox 170 376 1638 1739">
     <span class='ocr_line' id='line_1_2' title="bbox 172 376 1638 435; baseline -0.002 -13"><span class='ocrx_word' id='word_1_2' title='bbox 172 380 305 422; x_wconf 85' lang='lat' dir='ltr'><strong>decem</strong></span> <span class='ocrx_word' id='word_1_3' title='bbox 350 385 487 435; x_wconf 86' lang='lat' dir='ltr'><strong>partes</strong></span> <span class='ocrx_word' id='word_1_4' title='bbox 536 380 680 435; x_wconf 85' lang='lat' dir='ltr'><strong>(antea</strong></span> <span class='ocrx_word' id='word_1_5' title='bbox 727 384 900 435; x_wconf 86' lang='lat' dir='ltr'><strong>quatuor</strong></span> <span class='ocrx_word' id='word_1_6' title='bbox 937 378 1074 435; x_wconf 81' lang='lat' dir='ltr'><strong>erant)</strong></span> <span class='ocrx_word' id='word_1_7' title='bbox 1112 379 1331 433; x_wconf 81' lang='lat' dir='ltr'><strong>descripta,</strong></span> <span class='ocrx_word' id='word_1_8' title='bbox 1365 392 1464 434; x_wconf 83' lang='lat' dir='ltr'><strong>quas</strong></span> <span class='ocrx_word' id='word_1_9' title='bbox 1496 376 1638 433; x_wconf 79' lang='grc' dir='ltr'><em>φυλάς</em></span> 
     </span>
     <span class='ocr_line' id='line_1_3' title="bbox 172 449 1638 506; baseline 0.001 -17"><span class='ocrx_word' id='word_1_10' title='bbox 172 451 394 501; x_wconf 84' lang='lat' dir='ltr'><strong>vocabant,</strong></span> <span class='ocrx_word' id='word_1_11' title='bbox 433 451 611 506; x_wconf 74' lang='lat' dir='ltr'>singulae</span> <span class='ocrx_word' id='word_1_12' title='bbox 652 451 942 505; x_wconf 84' lang='lat' dir='ltr'><strong>quinquaginta</strong></span> <span class='ocrx_word' id='word_1_13' title='bbox 971 456 1175 491; x_wconf 86' lang='lat' dir='ltr'><strong>senatores</strong></span> <span class='ocrx_word' id='word_1_14' title='bbox 1208 455 1405 505; x_wconf 85' lang='lat' dir='ltr'>crearent,</span> <span class='ocrx_word' id='word_1_15' title='bbox 1441 450 1550 504; x_wconf 83' lang='lat' dir='ltr'><strong>cujus</strong></span> <span class='ocrx_word' id='word_1_16' title='bbox 1581 449 1638 491; x_wconf 87' lang='lat' dir='ltr'><strong>rei</strong></span> 
     </span>
     <span class='ocr_line' id='line_1_4' title="bbox 175 519 1636 575; baseline -0.001 -14"><span class='ocrx_word' id='word_1_17' title='bbox 175 521 389 563; x_wconf 88' lang='lat' dir='ltr'><strong>mutationi</strong></span> <span class='ocrx_word' id='word_1_18' title='bbox 435 522 647 575; x_wconf 85' lang='lat' dir='ltr'><strong>conjuncta</strong></span> <span class='ocrx_word' id='word_1_19' title='bbox 692 525 780 562; x_wconf 84' lang='lat' dir='ltr'><strong>erat</strong></span> <span class='ocrx_word' id='word_1_20' title='bbox 810 519 891 562; x_wconf 89' lang='lat' dir='ltr'><strong>alia</strong></span> <span class='ocrx_word' id='word_1_21' title='bbox 921 520 1021 561; x_wconf 85' lang='lat' dir='ltr'><strong>haee</strong></span> <span class='ocrx_word' id='word_1_22' title='bbox 1049 524 1259 573; x_wconf 87' lang='lat' dir='ltr'><strong>spectans,</strong></span> <span class='ocrx_word' id='word_1_23' title='bbox 1291 525 1335 561; x_wconf 90' lang='lat' dir='ltr'><strong>ut</strong></span> <span class='ocrx_word' id='word_1_24' title='bbox 1365 532 1484 573; x_wconf 91' lang='lat' dir='ltr'><strong>quum</strong></span> <span class='ocrx_word' id='word_1_25' title='bbox 1515 531 1636 560; x_wconf 86' lang='lat' dir='ltr'><strong>sena-</strong></span> 
     </span>
     <span class='ocr_line' id='line_1_5' title="bbox 176 589 1636 645; baseline -0.001 -14"><span class='ocrx_word' id='word_1_26' title='bbox 176 595 283 632; x_wconf 85' lang='lat' dir='ltr'><strong>tores</strong></span> <span class='ocrx_word' id='word_1_27' title='bbox 314 596 437 632; x_wconf 87' lang='lat' dir='ltr'><strong>antea</strong></span> <span class='ocrx_word' id='word_1_28' title='bbox 465 589 711 645; x_wconf 82' lang='grc' dir='ltr'><em>χειροτονίᾳ</em></span> <span class='ocrx_word' id='word_1_29' title='bbox 742 590 863 631; x_wconf 89' lang='lat' dir='ltr'><strong>creati</strong></span> <span class='ocrx_word' id='word_1_30' title='bbox 895 593 1047 638; x_wconf 89' lang='lat' dir='ltr'><strong>essent,</strong></span> <span class='ocrx_word' id='word_1_31' title='bbox 1080 602 1144 631; x_wconf 83' lang='lat' dir='ltr'><strong>res</strong></span> <span class='ocrx_word' id='word_1_32' title='bbox 1175 590 1228 630; x_wconf 90' lang='lat' dir='ltr'><strong>ad</strong></span> <span class='ocrx_word' id='word_1_33' title='bbox 1251 593 1400 630; x_wconf 85' lang='lat' dir='ltr'><strong>sortem</strong></span> <span class='ocrx_word' id='word_1_34' title='bbox 1424 600 1636 630; x_wconf 87' lang='lat' dir='ltr'><strong>revocare-</strong></span> 
     </span>
     <span class='ocr_line' id='line_1_6' title="bbox 170 656 1636 710; baseline -0.002 -10"><span class='ocrx_word' id='word_1_35' title='bbox 170 665 236 701; x_wconf 90' lang='lat' dir='ltr'><strong>tur</strong></span> <span class='ocrx_word' id='word_1_36' title='bbox 278 656 393 710; x_wconf 76' lang='grc' dir='ltr'>(ἀπὸ</span> <span class='ocrx_word' id='word_1_37' title='bbox 438 657 606 710; x_wconf 84' lang='grc' dir='ltr'><em>κυάμου</em></span> <span class='ocrx_word' id='word_1_38' title='bbox 651 657 835 710; x_wconf 85' lang='grc' dir='ltr'><em>λαχεῖν).</em></span> <span class='ocrx_word' id='word_1_39' title='bbox 897 657 988 704; x_wconf 81' lang='lat' dir='ltr'><strong>Quo</strong></span> <span class='ocrx_word' id='word_1_40' title='bbox 1034 664 1213 710; x_wconf 89' lang='lat' dir='ltr'><strong>tempore</strong></span> <span class='ocrx_word' id='word_1_41' title='bbox 1258 658 1438 700; x_wconf 89' lang='lat' dir='ltr'><strong>homines</strong></span> <span class='ocrx_word' id='word_1_42' title='bbox 1476 658 1636 699; x_wconf 85' lang='lat' dir='ltr'><strong>infimae</strong></span> 
     </span>
     <span class='ocr_line' id='line_1_7' title="bbox 171 726 1636 785; baseline -0.001 -16"><span class='ocrx_word' id='word_1_43' title='bbox 171 729 321 777; x_wconf 86' lang='lat' dir='ltr'><strong>tribus,</strong></span> <span class='ocrx_word' id='word_1_44' title='bbox 367 728 432 781; x_wconf 91' lang='lat' dir='ltr'><strong>qui</strong></span> <span class='ocrx_word' id='word_1_45' title='bbox 485 728 624 785; x_wconf 80' lang='grc' dir='ltr'><em>Θῆτες</em></span> <span class='ocrx_word' id='word_1_46' title='bbox 668 727 996 781; x_wconf 83' lang='lat' dir='ltr'><strong>appellabantur,</strong></span> <span class='ocrx_word' id='word_1_47' title='bbox 1055 727 1095 768; x_wconf 89' lang='lat' dir='ltr'><strong>in</strong></span> <span class='ocrx_word' id='word_1_48' title='bbox 1141 741 1276 780; x_wconf 90' lang='lat' dir='ltr'><strong>parem</strong></span> <span class='ocrx_word' id='word_1_49' title='bbox 1304 727 1405 781; x_wconf 88' lang='lat' dir='ltr'><strong>juris</strong></span> <span class='ocrx_word' id='word_1_50' title='bbox 1437 726 1636 768; x_wconf 89' lang='lat' dir='ltr'><strong>conditio-</strong></span> 
     </span>
     <span class='ocr_line' id='line_1_8' title="bbox 171 796 1636 854; baseline -0.002 -14"><span class='ocrx_word' id='word_1_51' title='bbox 171 812 282 848; x_wconf 87' lang='lat' dir='ltr'><strong>nem,</strong></span> <span class='ocrx_word' id='word_1_52' title='bbox 329 804 450 854; x_wconf 89' lang='lat' dir='ltr'><strong>atque</strong></span> <span class='ocrx_word' id='word_1_53' title='bbox 496 799 637 847; x_wconf 82' lang='lat' dir='ltr'><strong>ceteri,</strong></span> <span class='ocrx_word' id='word_1_54' title='bbox 683 798 830 852; x_wconf 85' lang='lat' dir='ltr'><strong>recepti</strong></span> <span class='ocrx_word' id='word_1_55' title='bbox 860 811 946 838; x_wconf 86' lang='lat' dir='ltr'><strong>esse</strong></span> <span class='ocrx_word' id='word_1_56' title='bbox 977 798 1174 840; x_wconf 90' lang='lat' dir='ltr'><strong>dicuntur.</strong></span> <span class='ocrx_word' id='word_1_57' title='bbox 1234 796 1441 845; x_wconf 80' lang='lat' dir='ltr'><strong>Quantum</strong></span> <span class='ocrx_word' id='word_1_58' title='bbox 1475 799 1525 838; x_wconf 89' lang='lat' dir='ltr'><strong>ad</strong></span> <span class='ocrx_word' id='word_1_59' title='bbox 1558 798 1636 837; x_wconf 86' lang='lat' dir='ltr'><strong>ad-</strong></span> 
     </span>
     <span class='ocr_line' id='line_1_9' title="bbox 174 867 1635 921; baseline -0.002 -11"><span class='ocrx_word' id='word_1_60' title='bbox 174 869 504 910; x_wconf 83' lang='lat' dir='ltr'><strong>ministrationem</strong></span> <span class='ocrx_word' id='word_1_61' title='bbox 551 869 727 909; x_wconf 86' lang='lat' dir='ltr'><strong>civitatis</strong></span> <span class='ocrx_word' id='word_1_62' title='bbox 772 873 936 908; x_wconf 89' lang='lat' dir='ltr'><strong>senatus</strong></span> <span class='ocrx_word' id='word_1_63' title='bbox 982 868 1029 908; x_wconf 90' lang='lat' dir='ltr'><strong>iis</strong></span> <span class='ocrx_word' id='word_1_64' title='bbox 1065 869 1311 921; x_wconf 88' lang='lat' dir='ltr'><strong>temporibus</strong></span> <span class='ocrx_word' id='word_1_65' title='bbox 1342 867 1513 908; x_wconf 88' lang='lat' dir='ltr'><strong>valuerit</strong></span> <span class='ocrx_word' id='word_1_66' title='bbox 1545 867 1635 921; x_wconf 90' lang='lat' dir='ltr'><strong>qui-</strong></span> 
     </span>
     <span class='ocr_line' id='line_1_10' title="bbox 175 937 1634 993; baseline -0.001 -14"><span class='ocrx_word' id='word_1_67' title='bbox 175 938 327 993; x_wconf 82' lang='lat' dir='ltr'><strong>busque</strong></span> <span class='ocrx_word' id='word_1_68' title='bbox 373 940 410 980; x_wconf 90' lang='lat' dir='ltr'><strong>in</strong></span> <span class='ocrx_word' id='word_1_69' title='bbox 457 939 576 980; x_wconf 90' lang='lat' dir='ltr'><strong>rebus</strong></span> <span class='ocrx_word' id='word_1_70' title='bbox 614 942 858 991; x_wconf 85' lang='lat' dir='ltr'><strong>potestatem</strong></span> <span class='ocrx_word' id='word_1_71' title='bbox 891 938 1253 992; x_wconf 81' lang='lat' dir='ltr'><strong>auctoritatemque</strong></span> <span class='ocrx_word' id='word_1_72' title='bbox 1283 939 1366 991; x_wconf 87' lang='lat' dir='ltr'><strong>ejus</strong></span> <span class='ocrx_word' id='word_1_73' title='bbox 1398 949 1553 979; x_wconf 86' lang='lat' dir='ltr'><strong>cernere</strong></span> <span class='ocrx_word' id='word_1_74' title='bbox 1584 937 1634 977; x_wconf 87' lang='lat' dir='ltr'><strong>li-</strong></span> 
     </span>
     <span class='ocr_line' id='line_1_11' title="bbox 175 1006 1633 1062; baseline -0.001 -14"><span class='ocrx_word' id='word_1_75' title='bbox 175 1013 263 1049; x_wconf 89' lang='lat' dir='ltr'><strong>ceat</strong></span> <span class='ocrx_word' id='word_1_76' title='bbox 294 1009 327 1050; x_wconf 85' lang='lat' dir='ltr'><strong>si</strong></span> <span class='ocrx_word' id='word_1_77' title='bbox 360 1008 603 1062; x_wconf 79' lang='lat' dir='ltr'><strong>quaerimus,</strong></span> <span class='ocrx_word' id='word_1_78' title='bbox 636 1007 804 1060; x_wconf 89' lang='lat' dir='ltr'><strong>primum</strong></span> <span class='ocrx_word' id='word_1_79' title='bbox 839 1006 932 1048; x_wconf 89' lang='lat' dir='ltr'><strong>illud</strong></span> <span class='ocrx_word' id='word_1_80' title='bbox 966 1007 1155 1055; x_wconf 81' lang='lat' dir='ltr'><strong>occurrit,</strong></span> <span class='ocrx_word' id='word_1_81' title='bbox 1180 1012 1362 1048; x_wconf 84' lang='lat' dir='ltr'><strong>senatum</strong></span> <span class='ocrx_word' id='word_1_82' title='bbox 1386 1006 1633 1060; x_wconf 87' lang='lat' dir='ltr'><strong>publicorum</strong></span> 
     </span>
     <span class='ocr_line' id='line_1_12' title="bbox 174 1077 1634 1129; baseline -0.001 -11"><span class='ocrx_word' id='word_1_83' title='bbox 174 1077 425 1118; x_wconf 86' lang='lat' dir='ltr'><strong>consiliorum</strong></span> <span class='ocrx_word' id='word_1_84' title='bbox 470 1077 591 1118; x_wconf 87' lang='lat' dir='ltr'><strong>fuisse</strong></span> <span class='ocrx_word' id='word_1_85' title='bbox 637 1077 950 1127; x_wconf 81' lang='lat' dir='ltr'><strong>moderatorem,</strong></span> <span class='ocrx_word' id='word_1_86' title='bbox 996 1081 1039 1116; x_wconf 91' lang='lat' dir='ltr'><strong>ut</strong></span> <span class='ocrx_word' id='word_1_87' title='bbox 1085 1077 1149 1129; x_wconf 90' lang='lat' dir='ltr'><strong>qui</strong></span> <span class='ocrx_word' id='word_1_88' title='bbox 1196 1077 1244 1117; x_wconf 88' lang='lat' dir='ltr'><strong>de</strong></span> <span class='ocrx_word' id='word_1_89' title='bbox 1282 1077 1465 1118; x_wconf 89' lang='lat' dir='ltr'><strong>omnibus</strong></span> <span class='ocrx_word' id='word_1_90' title='bbox 1496 1077 1634 1125; x_wconf 88' lang='lat' dir='ltr'><strong>rebus,</strong></span> 
     </span>
     <span class='ocr_line' id='line_1_13' title="bbox 173 1144 1632 1200; baseline 0 -13"><span class='ocrx_word' id='word_1_91' title='bbox 173 1147 404 1200; x_wconf 80' lang='lat' dir='ltr'><strong>priusquam</strong></span> <span class='ocrx_word' id='word_1_92' title='bbox 428 1148 478 1187; x_wconf 86' lang='lat' dir='ltr'><strong>ad</strong></span> <span class='ocrx_word' id='word_1_93' title='bbox 502 1145 690 1199; x_wconf 88' lang='lat' dir='ltr'><strong>populum</strong></span> <span class='ocrx_word' id='word_1_94' title='bbox 714 1145 1014 1193; x_wconf 73' lang='lat' dir='ltr'><strong>deterrerentur,</strong></span> <span class='ocrx_word' id='word_1_95' title='bbox 1037 1145 1244 1186; x_wconf 87' lang='lat' dir='ltr'><strong>consilium</strong></span> <span class='ocrx_word' id='word_1_96' title='bbox 1260 1146 1430 1200; x_wconf 88' lang='lat' dir='ltr'><strong>iniret¹).</strong></span> <span class='ocrx_word' id='word_1_97' title='bbox 1475 1144 1632 1192; x_wconf 86' lang='lat' dir='ltr'><strong>Quam-</strong></span> 
     </span>
     <span class='ocr_line' id='line_1_14' title="bbox 174 1215 1634 1269; baseline 0.001 -14"><span class='ocrx_word' id='word_1_98' title='bbox 174 1228 293 1269; x_wconf 88' lang='lat' dir='ltr'><strong>quam</strong></span> <span class='ocrx_word' id='word_1_99' title='bbox 338 1228 624 1269; x_wconf 84' lang='lat' dir='ltr'><strong>saepenumero</strong></span> <span class='ocrx_word' id='word_1_100' title='bbox 671 1227 754 1263; x_wconf 87' lang='lat' dir='ltr'><strong>res,</strong></span> <span class='ocrx_word' id='word_1_101' title='bbox 803 1227 903 1268; x_wconf 90' lang='lat' dir='ltr'><strong>quas</strong></span> <span class='ocrx_word' id='word_1_102' title='bbox 948 1215 1121 1267; x_wconf 88' lang='lat' dir='ltr'><strong>alioquin</strong></span> <span class='ocrx_word' id='word_1_103' title='bbox 1169 1215 1357 1267; x_wconf 89' lang='lat' dir='ltr'><strong>populum</strong></span> <span class='ocrx_word' id='word_1_104' title='bbox 1402 1217 1634 1256; x_wconf 84' lang='lat' dir='ltr'><strong>confirmare</strong></span> 
     </span>
     <span class='ocr_line' id='line_1_15' title="bbox 174 1284 1635 1337; baseline 0.001 -11"><span class='ocrx_word' id='word_1_105' title='bbox 174 1285 408 1337; x_wconf 84' lang='lat' dir='ltr'><strong>oportebat,</strong></span> <span class='ocrx_word' id='word_1_106' title='bbox 456 1284 624 1326; x_wconf 88' lang='lat' dir='ltr'><strong>arbitrio</strong></span> <span class='ocrx_word' id='word_1_107' title='bbox 671 1289 833 1325; x_wconf 89' lang='lat' dir='ltr'><strong>senatus</strong></span> <span class='ocrx_word' id='word_1_108' title='bbox 879 1285 1074 1335; x_wconf 74' lang='lat' dir='ltr'><strong>gerendae</strong></span> <span class='ocrx_word' id='word_1_109' title='bbox 1120 1285 1484 1327; x_wconf 85' lang='lat' dir='ltr'><strong>committebantur.</strong></span> <span class='ocrx_word' id='word_1_110' title='bbox 1547 1285 1635 1327; x_wconf 89' lang='lat' dir='ltr'><strong>Nec</strong></span> 
     </span>
     <span class='ocr_line' id='line_1_16' title="bbox 175 1353 1631 1406; baseline 0.001 -12"><span class='ocrx_word' id='word_1_111' title='bbox 175 1354 354 1406; x_wconf 81' lang='lat' dir='ltr'><strong>angustis</strong></span> <span class='ocrx_word' id='word_1_112' title='bbox 394 1354 538 1394; x_wconf 89' lang='lat' dir='ltr'><strong>finibus</strong></span> <span class='ocrx_word' id='word_1_113' title='bbox 582 1353 753 1393; x_wconf 89' lang='lat' dir='ltr'><strong>muneris</strong></span> <span class='ocrx_word' id='word_1_114' title='bbox 791 1353 921 1393; x_wconf 81' lang='lat' dir='ltr'><strong>officia</strong></span> <span class='ocrx_word' id='word_1_115' title='bbox 965 1354 1291 1403; x_wconf 86' lang='lat' dir='ltr'><strong>continebantur;</strong></span> <span class='ocrx_word' id='word_1_116' title='bbox 1320 1354 1358 1394; x_wconf 91' lang='lat' dir='ltr'><strong>in</strong></span> <span class='ocrx_word' id='word_1_117' title='bbox 1392 1355 1631 1406; x_wconf 85' lang='lat' dir='ltr'><strong>quibusdam</strong></span> 
     </span>
     <span class='ocr_line' id='line_1_17' title="bbox 174 1422 1632 1475; baseline 0 -12"><span class='ocrx_word' id='word_1_118' title='bbox 174 1422 534 1463; x_wconf 84' lang='lat' dir='ltr'><strong>administrationis</strong></span> <span class='ocrx_word' id='word_1_119' title='bbox 571 1422 754 1474; x_wconf 88' lang='lat' dir='ltr'><strong>partibus</strong></span> <span class='ocrx_word' id='word_1_120' title='bbox 787 1434 954 1475; x_wconf 82' lang='lat' dir='ltr'><strong>magnus</strong></span> <span class='ocrx_word' id='word_1_121' title='bbox 984 1422 1141 1462; x_wconf 86' lang='lat' dir='ltr'><strong>senatui</strong></span> <span class='ocrx_word' id='word_1_122' title='bbox 1173 1428 1260 1462; x_wconf 88' lang='lat' dir='ltr'><strong>erat</strong></span> <span class='ocrx_word' id='word_1_123' title='bbox 1291 1435 1466 1475; x_wconf 74' lang='lat' dir='ltr'><strong>campus,</strong></span> <span class='ocrx_word' id='word_1_124' title='bbox 1525 1423 1632 1463; x_wconf 82' lang='lat' dir='ltr'><strong>Nam</strong></span> 
     </span>
     <span class='ocr_line' id='line_1_18' title="bbox 173 1491 1634 1545; baseline 0 -14"><span class='ocrx_word' id='word_1_125' title='bbox 173 1504 234 1532; x_wconf 89' lang='lat' dir='ltr'><strong>res</strong></span> <span class='ocrx_word' id='word_1_126' title='bbox 281 1492 444 1531; x_wconf 89' lang='lat' dir='ltr'><strong>bellicas</strong></span> <span class='ocrx_word' id='word_1_127' title='bbox 492 1497 531 1530; x_wconf 90' lang='lat' dir='ltr'><strong>et</strong></span> <span class='ocrx_word' id='word_1_128' title='bbox 578 1491 770 1531; x_wconf 87' lang='lat' dir='ltr'><strong>militares</strong></span> <span class='ocrx_word' id='word_1_129' title='bbox 818 1503 975 1538; x_wconf 91' lang='lat' dir='ltr'><strong>curare,</strong></span> <span class='ocrx_word' id='word_1_130' title='bbox 1022 1492 1176 1531; x_wconf 91' lang='lat' dir='ltr'><strong>tributa</strong></span> <span class='ocrx_word' id='word_1_131' title='bbox 1217 1492 1389 1544; x_wconf 81' lang='lat' dir='ltr'><strong>exigere,</strong></span> <span class='ocrx_word' id='word_1_132' title='bbox 1422 1492 1634 1545; x_wconf 77' lang='lat' dir='ltr'><strong>vectigalia</strong></span> 
     </span>
     <span class='ocr_line' id='line_1_19' title="bbox 175 1560 1628 1612; baseline 0.001 -12"><span class='ocrx_word' id='word_1_133' title='bbox 175 1560 307 1601; x_wconf 86' lang='lat' dir='ltr'><strong>locare</strong></span> <span class='ocrx_word' id='word_1_134' title='bbox 354 1568 393 1600; x_wconf 86' lang='lat' dir='ltr'><strong>et</strong></span> <span class='ocrx_word' id='word_1_135' title='bbox 439 1561 598 1601; x_wconf 88' lang='lat' dir='ltr'><strong>omnino</strong></span> <span class='ocrx_word' id='word_1_136' title='bbox 631 1560 825 1600; x_wconf 85' lang='lat' dir='ltr'><strong>redituum</strong></span> <span class='ocrx_word' id='word_1_137' title='bbox 859 1560 1104 1612; x_wconf 87' lang='lat' dir='ltr'><strong>publicorum</strong></span> <span class='ocrx_word' id='word_1_138' title='bbox 1138 1561 1432 1601; x_wconf 85' lang='lat' dir='ltr'><strong>administratio</strong></span> <span class='ocrx_word' id='word_1_139' title='bbox 1463 1566 1628 1601; x_wconf 83' lang='lat' dir='ltr'><strong>senatus</strong></span> 
     </span>
     <span class='ocr_line' id='line_1_20' title="bbox 175 1629 1633 1682; baseline 0 -12"><span class='ocrx_word' id='word_1_140' title='bbox 175 1634 311 1678; x_wconf 86' lang='lat' dir='ltr'><strong>erant,</strong></span> <span class='ocrx_word' id='word_1_141' title='bbox 345 1642 510 1681; x_wconf 88' lang='lat' dir='ltr'><strong>quarum</strong></span> <span class='ocrx_word' id='word_1_142' title='bbox 545 1642 692 1676; x_wconf 86' lang='lat' dir='ltr'><strong>rerum,</strong></span> <span class='ocrx_word' id='word_1_143' title='bbox 724 1629 871 1669; x_wconf 88' lang='lat' dir='ltr'><strong>honore</strong></span> <span class='ocrx_word' id='word_1_144' title='bbox 904 1641 1008 1670; x_wconf 92' lang='lat' dir='ltr'><strong>anno</strong></span> <span class='ocrx_word' id='word_1_145' title='bbox 1039 1634 1180 1669; x_wconf 87' lang='lat' dir='ltr'><strong>exacto</strong></span> <span class='ocrx_word' id='word_1_146' title='bbox 1212 1629 1412 1682; x_wconf 89' lang='lat' dir='ltr'><strong>deposito,</strong></span> <span class='ocrx_word' id='word_1_147' title='bbox 1433 1631 1483 1671; x_wconf 88' lang='lat' dir='ltr'><strong>ad</strong></span> <span class='ocrx_word' id='word_1_148' title='bbox 1506 1629 1633 1670; x_wconf 87' lang='lat' dir='ltr'><strong>ratio-</strong></span> 
     </span>
     <span class='ocr_line' id='line_1_21' title="bbox 173 1698 829 1739; baseline 0 0"><span class='ocrx_word' id='word_1_149' title='bbox 173 1712 262 1739; x_wconf 88' lang='lat' dir='ltr'><strong>nem</strong></span> <span class='ocrx_word' id='word_1_150' title='bbox 294 1699 536 1739; x_wconf 88' lang='lat' dir='ltr'><strong>reddendam</strong></span> <span class='ocrx_word' id='word_1_151' title='bbox 569 1698 829 1739; x_wconf 82' lang='lat' dir='ltr'><strong>vocabantur.</strong></span> 
     </span>
    </p>

    <p class='ocr_par' dir='ltr' id='par_1_3' title="bbox 176 1765 1634 1961">
     <span class='ocr_line' id='line_1_22' title="bbox 290 1765 1634 1819; baseline 0 -12"><span class='ocrx_word' id='word_1_152' title='bbox 290 1766 338 1807; x_wconf 72' lang='grc' dir='ltr'><strong>ἕν</strong></span> <span class='ocrx_word' id='word_1_153' title='bbox 383 1792 437 1797; x_wconf 91' lang='grc'><strong>--</strong></span> <span class='ocrx_word' id='word_1_154' title='bbox 485 1765 627 1807; x_wconf 76' lang='grc' dir='ltr'><em>πολλοὶ</em></span> <span class='ocrx_word' id='word_1_155' title='bbox 671 1791 725 1796; x_wconf 86' lang='grc'>-</span> <span class='ocrx_word' id='word_1_156' title='bbox 767 1766 959 1806; x_wconf 86' lang='lat' dir='ltr'><strong>Nonnulli</strong></span> <span class='ocrx_word' id='word_1_157' title='bbox 1005 1772 1050 1805; x_wconf 89' lang='lat' dir='ltr'><strong>ut</strong></span> <span class='ocrx_word' id='word_1_158' title='bbox 1092 1767 1217 1807; x_wconf 87' lang='lat' dir='ltr'><strong>verba</strong></span> <span class='ocrx_word' id='word_1_159' title='bbox 1247 1766 1446 1819; x_wconf 85' lang='lat' dir='ltr'><strong>explicare</strong></span> <span class='ocrx_word' id='word_1_160' title='bbox 1477 1766 1634 1819; x_wconf 87' lang='lat' dir='ltr'><strong>possint</strong></span> 
     </span>
     <span class='ocr_line' id='line_1_23' title="bbox 176 1835 1632 1890; baseline -0.001 -13"><span class='ocrx_word' id='word_1_161' title='bbox 176 1836 284 1877; x_wconf 79' lang='grc' dir='ltr'><em>κατά</em></span> <span class='ocrx_word' id='word_1_162' title='bbox 314 1837 610 1890; x_wconf 85' lang='lat' dir='ltr'><strong>intelligendum</strong></span> <span class='ocrx_word' id='word_1_163' title='bbox 643 1848 728 1875; x_wconf 89' lang='lat' dir='ltr'><strong>esse</strong></span> <span class='ocrx_word' id='word_1_164' title='bbox 759 1841 916 1888; x_wconf 89' lang='lat' dir='ltr'><strong>putant.</strong></span> <span class='ocrx_word' id='word_1_165' title='bbox 976 1835 1265 1877; x_wconf 87' lang='lat' dir='ltr'><strong>Accusativum</strong></span> <span class='ocrx_word' id='word_1_166' title='bbox 1292 1842 1425 1877; x_wconf 89' lang='lat' dir='ltr'><strong>autem</strong></span> <span class='ocrx_word' id='word_1_167' title='bbox 1447 1836 1632 1876; x_wconf 85' lang='lat' dir='ltr'><strong>absolute</strong></span> 
     </span>
     <span class='ocr_line' id='line_1_24' title="bbox 176 1903 1180 1961; baseline -0.001 -13"><span class='ocrx_word' id='word_1_168' title='bbox 176 1908 348 1961; x_wconf 89' lang='lat' dir='ltr'><strong>positum</strong></span> <span class='ocrx_word' id='word_1_169' title='bbox 381 1920 466 1947; x_wconf 88' lang='lat' dir='ltr'><strong>esse</strong></span> <span class='ocrx_word' id='word_1_170' title='bbox 498 1907 613 1946; x_wconf 88' lang='lat' dir='ltr'><strong>docet</strong></span> <span class='ocrx_word' id='word_1_171' title='bbox 646 1907 715 1946; x_wconf 86' lang='lat' dir='ltr'><strong>Kr.</strong></span> <span class='ocrx_word' id='word_1_172' title='bbox 747 1904 817 1945; x_wconf 90' lang='lat' dir='ltr'><strong>Gr.</strong></span> <span class='ocrx_word' id='word_1_173' title='bbox 847 1903 918 1945; x_wconf 86' lang='lat'><strong>46:</strong></span> <span class='ocrx_word' id='word_1_174' title='bbox 948 1904 986 1952; x_wconf 85' lang='lat'><strong>5,</strong></span> <span class='ocrx_word' id='word_1_175' title='bbox 1017 1904 1044 1944; x_wconf 89' lang='lat'>4</span> <span class='ocrx_word' id='word_1_176' title='bbox 1075 1905 1110 1945; x_wconf 65' lang='grc' dir='ltr'><strong>δι</strong></span> <span class='ocrx_word' id='word_1_177' title='bbox 1140 1904 1180 1948; x_wconf 86' lang='grc'><strong>9.</strong></span> 
     </span>
    </p>
   </div>
   <div class='ocr_carea' id='block_1_3' title="bbox 290 1972 1634 2032">
    <p class='ocr_par' dir='ltr' id='par_1_4' title="bbox 290 1972 1703 2032">
     <span class='ocr_line' id='line_1_25' title="bbox 290 1972 1634 2032; baseline -0.001 -16"><span class='ocrx_word' id='word_1_178' title='bbox 290 1974 598 2032; x_wconf 75' lang='grc' dir='ltr'><em>βουλευτήριον</em></span> <span class='ocrx_word' id='word_1_179' title='bbox 636 1975 752 2028; x_wconf 85' lang='lat' dir='ltr'><strong>vulgo</strong></span> <span class='ocrx_word' id='word_1_180' title='bbox 785 1974 936 2026; x_wconf 88' lang='lat' dir='ltr'><strong>legitur.</strong></span> <span class='ocrx_word' id='word_1_181' title='bbox 997 1972 1253 2027; x_wconf 85' lang='lat' dir='ltr'><strong>Quamquam</strong></span> <span class='ocrx_word' id='word_1_182' title='bbox 1286 1988 1363 2015; x_wconf 93' lang='lat' dir='ltr'><strong>non</strong></span> <span class='ocrx_word' id='word_1_183' title='bbox 1396 1975 1533 2022; x_wconf 85' lang='lat' dir='ltr'><strong>video,</strong></span> <span class='ocrx_word' id='word_1_184' title='bbox 1566 1987 1634 2015; x_wconf 86' lang='lat' dir='ltr'><strong>cur</strong></span> 
     </span>
    </p>
   </div>
   <div class='ocr_carea' id='block_1_4' title="bbox 174 2042 1636 2654">
    <p class='ocr_par' dir='ltr' id='par_1_5' title="bbox 174 2042 1636 2654">
     <span class='ocr_line' id='line_1_26' title="bbox 175 2042 1633 2098; baseline 0 -14"><span class='ocrx_word' id='word_1_185' title='bbox 175 2059 312 2086; x_wconf 88' lang='lat' dir='ltr'><strong>verum</strong></span> <span class='ocrx_word' id='word_1_186' title='bbox 359 2045 455 2085; x_wconf 91' lang='lat' dir='ltr'><strong>illud</strong></span> <span class='ocrx_word' id='word_1_187' title='bbox 503 2045 673 2084; x_wconf 88' lang='lat' dir='ltr'><strong>oratoris</strong></span> <span class='ocrx_word' id='word_1_188' title='bbox 719 2042 999 2098; x_wconf 76' lang='grc' dir='ltr'><em>δικαστήριον</em></span> <span class='ocrx_word' id='word_1_189' title='bbox 1030 2044 1280 2094; x_wconf 89' lang='lat' dir='ltr'><strong>rejiciendum</strong></span> <span class='ocrx_word' id='word_1_190' title='bbox 1313 2045 1377 2084; x_wconf 89' lang='lat' dir='ltr'><strong>sit.</strong></span> <span class='ocrx_word' id='word_1_191' title='bbox 1436 2044 1633 2096; x_wconf 88' lang='lat' dir='ltr'><strong>Equidem</strong></span> 
     </span>
     <span class='ocr_line' id='line_1_27' title="bbox 176 2109 1633 2168; baseline -0.003 -12"><span class='ocrx_word' id='word_1_192' title='bbox 176 2116 367 2168; x_wconf 80' lang='lat' dir='ltr'><strong>concedo,</strong></span> <span class='ocrx_word' id='word_1_193' title='bbox 413 2113 576 2153; x_wconf 88' lang='lat' dir='ltr'><strong>verbum</strong></span> <span class='ocrx_word' id='word_1_194' title='bbox 622 2109 951 2166; x_wconf 72' lang='grc' dir='ltr'><em>βουλευτήριον,</em></span> <span class='ocrx_word' id='word_1_195' title='bbox 991 2116 1035 2151; x_wconf 91' lang='lat' dir='ltr'><strong>ut</strong></span> <span class='ocrx_word' id='word_1_196' title='bbox 1065 2113 1171 2164; x_wconf 89' lang='lat' dir='ltr'><strong>quod</strong></span> <span class='ocrx_word' id='word_1_197' title='bbox 1203 2117 1243 2151; x_wconf 82' lang='lat' dir='ltr'><strong>et</strong></span> <span class='ocrx_word' id='word_1_198' title='bbox 1274 2112 1479 2165; x_wconf 88' lang='lat' dir='ltr'><strong>collegium</strong></span> <span class='ocrx_word' id='word_1_199' title='bbox 1513 2125 1633 2152; x_wconf 86' lang='lat' dir='ltr'><strong>sena-</strong></span> 
     </span>
     <span class='ocr_line' id='line_1_28' title="bbox 174 2180 1633 2236; baseline -0.001 -12"><span class='ocrx_word' id='word_1_200' title='bbox 174 2189 305 2224; x_wconf 90' lang='lat' dir='ltr'><strong>torum</strong></span> <span class='ocrx_word' id='word_1_201' title='bbox 337 2183 529 2236; x_wconf 86' lang='lat' dir='ltr'><strong>significet</strong></span> <span class='ocrx_word' id='word_1_202' title='bbox 560 2186 599 2221; x_wconf 90' lang='lat' dir='ltr'><strong>et</strong></span> <span class='ocrx_word' id='word_1_203' title='bbox 630 2181 756 2221; x_wconf 88' lang='lat' dir='ltr'><strong>locum</strong></span> <span class='ocrx_word' id='word_1_204' title='bbox 786 2180 1001 2232; x_wconf 83' lang='lat' dir='ltr'><strong>(curiam),</strong></span> <span class='ocrx_word' id='word_1_205' title='bbox 1037 2181 1104 2220; x_wconf 92' lang='lat' dir='ltr'><strong>ubi</strong></span> <span class='ocrx_word' id='word_1_206' title='bbox 1127 2181 1310 2221; x_wconf 84' lang='lat' dir='ltr'><strong>sedentes</strong></span> <span class='ocrx_word' id='word_1_207' title='bbox 1340 2186 1546 2222; x_wconf 83' lang='lat' dir='ltr'><strong>senatores</strong></span> <span class='ocrx_word' id='word_1_208' title='bbox 1570 2194 1633 2222; x_wconf 86' lang='lat' dir='ltr'><strong>res</strong></span> 
     </span>
     <span class='ocr_line' id='line_1_29' title="bbox 174 2248 1634 2307; baseline -0.002 -13"><span class='ocrx_word' id='word_1_209' title='bbox 174 2253 355 2307; x_wconf 88' lang='lat' dir='ltr'><strong>publicas</strong></span> <span class='ocrx_word' id='word_1_210' title='bbox 400 2255 642 2298; x_wconf 87' lang='lat' dir='ltr'><strong>tractarent,</strong></span> <span class='ocrx_word' id='word_1_211' title='bbox 679 2249 754 2290; x_wconf 91' lang='lat' dir='ltr'><strong>hoc</strong></span> <span class='ocrx_word' id='word_1_212' title='bbox 784 2248 869 2289; x_wconf 89' lang='lat' dir='ltr'><strong>loco</strong></span> <span class='ocrx_word' id='word_1_213' title='bbox 901 2249 1071 2289; x_wconf 84' lang='lat' dir='ltr'><strong>fortasse</strong></span> <span class='ocrx_word' id='word_1_214' title='bbox 1099 2249 1224 2302; x_wconf 88' lang='lat' dir='ltr'><strong>magis</strong></span> <span class='ocrx_word' id='word_1_215' title='bbox 1254 2254 1393 2302; x_wconf 89' lang='lat' dir='ltr'><strong>aptum</strong></span> <span class='ocrx_word' id='word_1_216' title='bbox 1426 2263 1533 2298; x_wconf 89' lang='lat' dir='ltr'><strong>esse,</strong></span> <span class='ocrx_word' id='word_1_217' title='bbox 1564 2251 1634 2292; x_wconf 90' lang='lat' dir='ltr'><strong>sed</strong></span> 
     </span>
     <span class='ocr_line' id='line_1_30' title="bbox 175 2317 1633 2375; baseline -0.003 -10"><span class='ocrx_word' id='word_1_218' title='bbox 175 2335 304 2364; x_wconf 89' lang='lat' dir='ltr'><strong>nonne</strong></span> <span class='ocrx_word' id='word_1_219' title='bbox 348 2319 628 2375; x_wconf 79' lang='grc' dir='ltr'><em>δικαστήριον</em></span> <span class='ocrx_word' id='word_1_220' title='bbox 662 2319 709 2358; x_wconf 90' lang='lat' dir='ltr'><strong>de</strong></span> <span class='ocrx_word' id='word_1_221' title='bbox 739 2323 880 2358; x_wconf 85' lang='lat' dir='ltr'><strong>senatu</strong></span> <span class='ocrx_word' id='word_1_222' title='bbox 911 2318 986 2358; x_wconf 87' lang='lat' dir='ltr'><strong>diei</strong></span> <span class='ocrx_word' id='word_1_223' title='bbox 1017 2318 1177 2371; x_wconf 83' lang='lat' dir='ltr'><strong>potest?</strong></span> <span class='ocrx_word' id='word_1_224' title='bbox 1236 2317 1355 2364; x_wconf 82' lang='lat' dir='ltr'><strong>Quod</strong></span> <span class='ocrx_word' id='word_1_225' title='bbox 1389 2320 1575 2370; x_wconf 88' lang='lat' dir='ltr'><strong>verbum,</strong></span> <span class='ocrx_word' id='word_1_226' title='bbox 1608 2334 1633 2361; x_wconf 88' lang='lat' dir='ltr'><strong>a.</strong></span> 
     </span>
     <span class='ocr_line' id='line_1_31' title="bbox 179 2388 1634 2441; baseline -0.003 -8"><span class='ocrx_word' id='word_1_227' title='bbox 179 2391 368 2441; x_wconf 83' lang='grc' dir='ltr'><em>δικάζειν</em></span> <span class='ocrx_word' id='word_1_228' title='bbox 404 2390 571 2436; x_wconf 88' lang='lat' dir='ltr'><strong>dictum,</strong></span> <span class='ocrx_word' id='word_1_229' title='bbox 602 2392 648 2428; x_wconf 89' lang='lat' dir='ltr'><strong>ut</strong></span> <span class='ocrx_word' id='word_1_230' title='bbox 676 2388 873 2441; x_wconf 84' lang='lat' dir='ltr'><strong>significat</strong></span> <span class='ocrx_word' id='word_1_231' title='bbox 902 2393 942 2428; x_wconf 88' lang='lat' dir='ltr'><strong>et</strong></span> <span class='ocrx_word' id='word_1_232' title='bbox 972 2388 1176 2440; x_wconf 86' lang='lat' dir='ltr'><strong>collegium</strong></span> <span class='ocrx_word' id='word_1_233' title='bbox 1203 2389 1379 2441; x_wconf 89' lang='lat' dir='ltr'><strong>judicum</strong></span> <span class='ocrx_word' id='word_1_234' title='bbox 1412 2393 1452 2428; x_wconf 88' lang='lat' dir='ltr'><strong>et</strong></span> <span class='ocrx_word' id='word_1_235' title='bbox 1482 2389 1634 2437; x_wconf 87' lang='lat' dir='ltr'><strong>locum,</strong></span> 
     </span>
     <span class='ocr_line' id='line_1_32' title="bbox 176 2456 1635 2512; baseline -0.003 -9"><span class='ocrx_word' id='word_1_236' title='bbox 176 2462 244 2503; x_wconf 86' lang='lat' dir='ltr'><strong>ubi</strong></span> <span class='ocrx_word' id='word_1_237' title='bbox 274 2462 458 2501; x_wconf 87' lang='lat' dir='ltr'><strong>sedentes</strong></span> <span class='ocrx_word' id='word_1_238' title='bbox 485 2459 638 2512; x_wconf 75' lang='lat' dir='ltr'><strong>Judices</strong></span> <span class='ocrx_word' id='word_1_239' title='bbox 664 2458 729 2511; x_wconf 82' lang='lat' dir='ltr'><strong>jus</strong></span> <span class='ocrx_word' id='word_1_240' title='bbox 761 2457 966 2503; x_wconf 83' lang='lat' dir='ltr'><strong>dicebant,</strong></span> <span class='ocrx_word' id='word_1_241' title='bbox 997 2456 1057 2496; x_wconf 88' lang='lat' dir='ltr'><strong>ita</strong></span> <span class='ocrx_word' id='word_1_242' title='bbox 1087 2458 1135 2496; x_wconf 92' lang='lat' dir='ltr'><strong>de</strong></span> <span class='ocrx_word' id='word_1_243' title='bbox 1165 2462 1307 2496; x_wconf 87' lang='lat' dir='ltr'><strong>senatu</strong></span> <span class='ocrx_word' id='word_1_244' title='bbox 1339 2459 1521 2510; x_wconf 87' lang='lat' dir='ltr'><strong>usurpari</strong></span> <span class='ocrx_word' id='word_1_245' title='bbox 1561 2471 1635 2510; x_wconf 90' lang='lat' dir='ltr'><strong>po-</strong></span> 
     </span>
     <span class='ocr_line' id='line_1_33' title="bbox 176 2525 1635 2582; baseline -0.004 -9"><span class='ocrx_word' id='word_1_246' title='bbox 176 2536 276 2580; x_wconf 87' lang='lat' dir='ltr'><strong>test,</strong></span> <span class='ocrx_word' id='word_1_247' title='bbox 307 2530 367 2570; x_wconf 90' lang='lat' dir='ltr'><strong>cui</strong></span> <span class='ocrx_word' id='word_1_248' title='bbox 399 2533 444 2569; x_wconf 92' lang='lat' dir='ltr'><strong>ut</strong></span> <span class='ocrx_word' id='word_1_249' title='bbox 472 2540 596 2582; x_wconf 90' lang='lat' dir='ltr'><strong>supra</strong></span> <span class='ocrx_word' id='word_1_250' title='bbox 627 2526 730 2574; x_wconf 89' lang='lat' dir='ltr'><strong>dixi,</strong></span> <span class='ocrx_word' id='word_1_251' title='bbox 766 2525 1062 2566; x_wconf 88' lang='lat' dir='ltr'><strong>administratio</strong></span> <span class='ocrx_word' id='word_1_252' title='bbox 1090 2525 1270 2578; x_wconf 86' lang='lat' dir='ltr'><strong>inprimis</strong></span> <span class='ocrx_word' id='word_1_253' title='bbox 1302 2527 1497 2578; x_wconf 87' lang='lat' dir='ltr'><strong>permissa</strong></span> <span class='ocrx_word' id='word_1_254' title='bbox 1527 2531 1635 2575; x_wconf 87' lang='lat' dir='ltr'><strong>erat,</strong></span> 
     </span>
     <span class='ocr_line' id='line_1_34' title="bbox 175 2595 1636 2654; baseline -0.005 -11"><span class='ocrx_word' id='word_1_255' title='bbox 175 2612 473 2654; x_wconf 87' lang='lat' dir='ltr'><strong>nonnumquam</strong></span> <span class='ocrx_word' id='word_1_256' title='bbox 518 2603 654 2638; x_wconf 88' lang='lat' dir='ltr'><strong>tamen</strong></span> <span class='ocrx_word' id='word_1_257' title='bbox 694 2595 983 2650; x_wconf 85' lang='lat' dir='ltr'><strong>jurisdictionis</strong></span> <span class='ocrx_word' id='word_1_258' title='bbox 1019 2600 1211 2647; x_wconf 85' lang='lat' dir='ltr'><strong>potestas.</strong></span> <span class='ocrx_word' id='word_1_259' title='bbox 1273 2595 1447 2636; x_wconf 86' lang='lat' dir='ltr'><strong>Constat</strong></span> <span class='ocrx_word' id='word_1_260' title='bbox 1477 2596 1636 2637; x_wconf 86' lang='lat' dir='ltr'><strong>senatui</strong></span> 
     </span>
    </p>
   </div>
   <div class='ocr_carea' id='block_1_5' title="bbox 171 2751 1636 2865">
    <p class='ocr_par' dir='ltr' id='par_1_6' title="bbox 171 2751 1636 2865">
     <span class='ocr_line' id='line_1_35' title="bbox 268 2751 1636 2803; baseline -0.004 -11"><span class='ocrx_word' id='word_1_261' title='bbox 268 2764 301 2803; x_wconf 87' lang='grc'><strong>1)</strong></span> <span class='ocrx_word' id='word_1_262' title='bbox 327 2760 494 2794; x_wconf 82' lang='lat' dir='ltr'><strong>Plutarch.</strong></span> <span class='ocrx_word' id='word_1_263' title='bbox 528 2759 597 2791; x_wconf 84' lang='lat' dir='ltr'><strong>Sol.</strong></span> <span class='ocrx_word' id='word_1_264' title='bbox 638 2761 686 2790; x_wconf 83' lang='lat'><strong>19.</strong></span> <span class='ocrx_word' id='word_1_265' title='bbox 736 2755 885 2793; x_wconf 76' lang='grc' dir='ltr'><em>τούτους</em></span> <span class='ocrx_word' id='word_1_266' title='bbox 916 2753 1178 2803; x_wconf 75' lang='grc' dir='ltr'><em>προβουλεύειν</em></span> <span class='ocrx_word' id='word_1_267' title='bbox 1210 2753 1313 2796; x_wconf 74' lang='grc' dir='ltr'><em>ἔταξε</em></span> <span class='ocrx_word' id='word_1_268' title='bbox 1340 2754 1405 2788; x_wconf 83' lang='grc' dir='ltr'><strong>τοῦ</strong></span> <span class='ocrx_word' id='word_1_269' title='bbox 1432 2751 1550 2798; x_wconf 80' lang='grc' dir='ltr'><em>δήμου</em></span> <span class='ocrx_word' id='word_1_270' title='bbox 1577 2758 1636 2788; x_wconf 82' lang='grc' dir='ltr'><strong>καὶ</strong></span> 
     </span>
     <span class='ocr_line' id='line_1_36' title="bbox 171 2809 1270 2865; baseline -0.006 -12"><span class='ocrx_word' id='word_1_271' title='bbox 171 2817 289 2865; x_wconf 74' lang='grc' dir='ltr'><em>μηδὲν</em></span> <span class='ocrx_word' id='word_1_272' title='bbox 316 2816 379 2862; x_wconf 81' lang='grc' dir='ltr'><strong>ἑᾷν</strong></span> <span class='ocrx_word' id='word_1_273' title='bbox 404 2814 700 2863; x_wconf 75' lang='grc' dir='ltr'><em>ἀπροβούλευτον</em></span> <span class='ocrx_word' id='word_1_274' title='bbox 725 2809 776 2849; x_wconf 70' lang='grc' dir='ltr'><strong>εἰς</strong></span> <span class='ocrx_word' id='word_1_275' title='bbox 802 2812 991 2858; x_wconf 74' lang='grc' dir='ltr'><em>ἐκκλησίαν</em></span> <span class='ocrx_word' id='word_1_276' title='bbox 1015 2809 1270 2859; x_wconf 73' lang='grc' dir='ltr'><em>εἰσφέρεσθαι.</em></span> 
     </span>
    </p>
   </div>
  </div>
 </body>
</html>
