1843 2987
219 237 238 269 4

215 346 300 371 nem
348 332 429 384 ejus
473 335 610 369 contra
656 328 861 369 Philonem
911 326 1250 379 interpretandam
1295 326 1556 379 susceperim,
1594 340 1671 367 non

216 401 384 440 alienum
419 400 575 439 videtur
607 399 740 450 paucis
774 398 903 437 verbis
937 397 1149 449 attingere,
1183 408 1283 449 quae
1304 394 1387 448 ejus
1407 397 1489 435 sint
1513 398 1561 437 de
1584 401 1670 436 arte

216 468 367 509 dicendi
416 467 557 507 merita
603 467 772 519 quidque
819 467 869 507 ad
918 479 1003 506 eam
1043 465 1365 506 conformandam
1399 468 1520 517 atque
1552 465 1671 518 perfi-

219 538 396 576 ciendam
426 536 616 576 attulerit.

327 606 388 645 Ac
434 605 600 656 primum
641 605 795 656 quidem
836 603 929 644 illud
963 608 1141 650 constat,
1174 608 1326 643 veteres
1359 601 1506 656 Lysiae
1539 602 1671 642 maxi-

215 689 316 714 mam
364 675 550 713 tribuisse
597 674 771 720 laudem,
812 675 916 725 quod
951 673 987 711 in
1028 673 1276 712 orationibus
1311 686 1438 711 mores
1469 671 1672 711 hominum

212 749 293 783 tam
328 743 428 782 vivis
460 742 657 780 coloribus
688 743 917 795 depingeret
949 737 1229 796 (ήϋοποιΐα),
1262 746 1305 779 ut
1338 741 1449 794 quasi
1484 752 1673 792 praesens

210 813 415 852 sisteretur
461 810 712 850 voluntatum
760 812 1061 863 studiorumque
1110 823 1243 850 eorum
1290 810 1433 862 imago.
1501 809 1670 849 Intimos

210 879 370 920 humani
403 880 523 920 animi
552 892 728 920 recessus
759 892 901 932 sagace
932 880 1129 933 indagans
1163 892 1310 927 mores,
1342 878 1477 919 studia
1495 885 1535 918 et
1552 878 1673 919 affec-

210 954 273 987 tus
305 948 505 987 hominum
539 948 725 988 describit
751 954 789 988 et
813 961 930 1000 quam
958 948 1129 988 maxime
1154 949 1291 988 studet
1316 949 1545 996 ostendere,
1572 960 1674 1000 quae

209 1017 305 1055 fiunt
338 1018 535 1068 quomodo
561 1030 609 1056 ex
632 1018 806 1057 moribus
829 1018 1031 1057 hominum
1057 1021 1242 1070 vitaeque
1265 1018 1560 1057 conditionibus
1583 1030 1673 1068 pro-

208 1087 443 1125 fisiscantur.
512 1086 595 1125 Nec
640 1100 826 1138 umquam
876 1088 1046 1126 veritate
1093 1100 1221 1126 rerum
1270 1086 1448 1137 neglecta
1497 1086 1673 1126 delecta-

209 1156 354 1193 tionem
409 1167 563 1203 eorum,
618 1156 681 1207 qui
738 1157 923 1202 audiunt,
979 1162 1138 1208 captat,
1187 1157 1255 1195 sed
1303 1155 1398 1195 nihil
1447 1168 1518 1206 pro
1565 1161 1673 1194 certo

209 1223 432 1277 confirmat,
480 1224 556 1264 nisi
589 1226 692 1276 quod
727 1225 844 1265 certis
877 1225 1119 1277 argumentis
1152 1230 1273 1277 atque
1303 1224 1542 1265 testimoniis
1578 1237 1674 1277 pro-

209 1293 294 1332 bari
342 1298 486 1345 potest.
546 1294 590 1333 In
639 1295 756 1334 rebus
804 1295 1014 1335 narrandis
1060 1295 1118 1335 ita
1161 1300 1222 1334 est
1269 1294 1398 1335 clarus
1430 1300 1552 1347 atque.
1584 1307 1671 1347 per-

211 1362 387 1414 spicuus,
436 1368 479 1402 ut
520 1363 734 1403 verisimile
781 1364 958 1412 videtur,
1001 1365 1105 1416 quod
1138 1364 1327 1405 memoria
1360 1364 1560 1416 proditum
1594 1369 1675 1412 est,

208 1444 294 1470 eum
341 1444 629 1483 saepenumero
680 1432 909 1471 narratione
956 1431 1043 1471 sola
1075 1432 1228 1471 animos
1255 1433 1433 1483 judicum
1471 1433 1546 1472 sibi
1579 1445 1674 1472 con·-

209 1500 364 1539 ciliasse
401 1506 437 1539 et
471 1502 523 1541 ad
555 1513 668 1540 suam
702 1513 862 1540 causam
896 1500 1140 1552 perduxisse.
1203 1499 1339 1540 Genus
1373 1500 1468 1540 illud
1501 1500 1676 1548 dicendi,

211 1570 315 1621 quod
349 1576 466 1609 tenue
497 1569 747 1622 appellatur,
779 1569 986 1621 amplexus
1018 1583 1105 1609 esse
1136 1570 1305 1609 videtur.
1354 1568 1552 1609 Omnibus
1586 1581 1676 1608 ver-

210 1638 351 1678 borum
400 1638 647 1677 ornamentis
695 1645 823 1690 atquev
850 1638 1075 1678 inminibus
1110 1638 1319 1690 neglectis,
1348 1651 1410 1678 res
1444 1639 1573 1678 nudas
1604 1650 1676 1677 ex-

212 1706 324 1758 ponit
356 1712 394 1746 et
426 1706 660 1752 elocutionis
683 1711 933 1746 venustatem
962 1718 1047 1746 eum
1073 1706 1204 1758 lepore
1228 1708 1399 1759 quodam
1424 1705 1675 1757 conjunctam

213 1775 408 1815 adhibens
439 1788 636 1815 sum—mum
669 1776 723 1815 rei
755 1789 842 1815 cum
876 1775 1003 1815 forma
1037 1775 1439 1821 eonsensumefficin
1470 1786 1547 1825 quo
1579 1772 1675 1814 nihil

212 1843 250 1882 in
284 1848 370 1883 arte
396 1855 467 1883 nec
491 1844 619 1896 majus
645 1857 716 1884 nec
737 1844 1008 1897 praestantius
1031 1849 1103 1884 est.
1133 1844 1240 1884 Bene
1263 1841 1556 1891 Quintilianus,
1579 1842 1676 1882 sub-

215 1912 296 1951 tilis
328 1911 393 1951 ille
425 1913 678 1953 existimator
709 1913 1034 1966 etgravissimus
1059 1913 1211 1953 dicendi
1242 1912 1450 1964 magister,
1474 1911 1678 1965 “Lysias“

214 1980 361 2032 inquit,
411 1981 594 2022 “subtilis
634 1987 695 2022 est
726 1987 846 2034 atque
878 1982 1057 2035 elegans3
1090 1981 1185 2022 nihil
1218 1986 1279 2022 est
1308 1981 1446 2029 inane,
1479 1979 1574 2021 nihil
1607 1992 1674 2020 ar-

215 2051 420 2099 cessiturm
467 2063 565 2102 puro
612 2055 745 2091 tamen
792 2052 891 2092 fonti
937 2063 1055 2103 qnam
1105 2064 1246 2104 magno
1293 2051 1442 2091 flumini
1474 2050 1674 2102 propior.“

215 2119 330 2159 Licet
361 2132 448 2159 eam
483 2119 692 2159 affectuum
726 2121 1036 2169 vehementiam,
1070 2121 1108 2162 id
1141 2121 1350 2161 verborum
1383 2121 1557 2172 pondus,
1587 2131 1675 2159 eam

216 2189 504 2236 sententiarum
538 2189 776 2240 gravitatem
809 2203 885 2230 non
919 2190 1088 2237 habeat,
1120 2189 1262 2242 quibus
1284 2188 1577 2230 Demosthenes
1601 2200 1673 2228 ex-

216 2258 341 2305 cellit,
389 2257 563 2298 remissis
606 2258 810 2299 affectibus
842 2265 881 2299 et
914 2259 1119 2300 dulcedine
1150 2261 1325 2312 quadani
1358 2258 1512 2299 animos
1545 2256 1675 2309 legen-

216 2327 313 2367 tium
349 2326 534 2367 delectat.

332 2396 376 2435 In
411 2395 592 2435 oratione
623 2395 712 2449 illa,
747 2409 863 2448 quam
898 2402 1037 2436 contra
1068 2396 1276 2439 Philonem
1306 2395 1470 2442 habuit,
1501 2393 1675 2435 indolem

218 2464 290 2504 viri
337 2469 459 2515 atque
505 2464 701 2516 ingenium
750 2464 858 2503 velut
896 2465 1054 2516 speculo
1091 2477 1363 2517 repercussum
1395 2464 1538 2503 intueri
1571 2463 1673 2501 licet.

217 2531 334 2578 Quae
381 2544 499 2584 quum
545 2532 604 2572 ita
646 2532 746 2579 sint,
793 2533 932 2574 mirum
979 2547 1075 2574 sane
1115 2535 1291 2582 videtur,
1324 2532 1536 2574 nonnullos
1567 2542 1676 2578 esse,

216 2602 280 2655 qui
313 2601 418 2642 hanc
449 2600 671 2642 orationem
704 2601 852 2656 Lysiae
884 2616 960 2643 non
994 2617 1078 2644 esse
1110 2609 1263 2657 putent.
1324 2602 1519 2655 Spectant
1556 2613 1676 2653 argu-

216 2677 351 2712 menta
384 2684 518 2712 eorum
554 2672 603 2711 ad
637 2672 760 2711 verba
791 2673 986 2724 quaedam
1011 2673 1192 2713 similiter
1214 2672 1438 2717 desinentia
1461 2669 1511 2727 (§
1534 2670 1574 2717 4,
1597 2668 1677 2720 26)

216 2747 256 2783 et
299 2741 521 2785 sententias
567 2741 762 2794 quasdam
810 2740 1013 2795 verbaque
1059 2741 1254 2783 contrarie
1300 2740 1498 2796 opposita.
1573 2737 1679 2780 Sunt
