1843 2987
254 225 296 258 ¹ss

241 321 329 376 jure
374 334 445 362 suo
486 331 687 362 occurrere
719 317 871 371 potuit,
902 317 972 359 sed
999 315 1256 371 jurejurando
1286 314 1505 357 obstrictus
1523 316 1554 372 ¹)
1588 317 1710 358 etiam

246 397 351 439 erat,
397 396 441 431 ut
471 403 585 443 quem
618 388 753 429 ordine
784 387 988 428 senatorio
1019 387 1221 439 indignum
1256 387 1534 439 comperisset,
1564 401 1706 428 nomen

245 461 328 513 ejus
367 461 558 508 deferret3
590 458 682 511 quin
715 458 835 498 etiam
869 457 1012 499 civium
1047 458 1283 510 quicumque
1313 456 1480 505 indicia,
1512 469 1614 510 quae
1646 458 1708 498 af·-

244 529 363 579 feret,
415 528 612 575 habebat,
664 528 910 567 accusatoris
962 538 1173 579 personam
1222 538 1362 579 capere
1408 526 1558 567 licitum
1609 531 1711 568 erat.

245 597 400 643 Quibus
442 597 595 638 indiciis
635 595 878 636 confirmatis
910 600 950 635 et
980 594 1136 634 senatui
1170 595 1352 646 probatis
1384 595 1584 647 repulsam
1617 595 1711 636 tulit

246 667 484 707 candidatus
531 661 914 720 (ἅποδοκίμάζειν)
962 676 1033 704 nec
1076 662 1233 716 repulso
1279 664 1360 705 alia
1399 665 1484 713 via,
1518 679 1598 718 qua
1627 678 1709 706 rem

237 737 456 790 judicatam
504 736 782 782 labefactaret,
830 734 980 787 patuit,
1028 733 1102 774 nisi
1140 735 1374 786 provocatio
1415 737 1466 776 ad
1494 735 1708 789 judicium,

244 807 310 847 ubi
351 806 649 847 Thesmothetis
698 804 1018 858 praesidentibus
1051 817 1113 844 res
1145 805 1364 858 dijudicata
1396 810 1469 845 est.
1529 806 1630 845 Item
1664 806 1711 845 iis

243 888 460 929 provocare
498 876 692 928 integrum
732 880 838 929 erat,
872 875 937 927 qui
970 874 1127 914 etiamsi
1159 880 1324 915 senatus
1356 876 1571 915 secundum
1605 877 1711 928 peti-

243 950 368 986 torem
411 945 684 999 judicaverat,
730 945 969 985 sententiam
1014 945 1096 997 eJ'us
1144 956 1259 998 aegre
1296 945 1468 985 ferentes
1494 945 1560 997 jns
1593 957 1708 985 suum

244 1015 423 1068 persequi
458 1014 647 1055 volebant
660 1014 708 1067 ²).
770 1014 856 1054 Nec
885 1013 1044 1054 silentio
1076 1016 1409 1067 praetereundum
1443 1019 1523 1062 est,
1556 1014 1620 1067 qui
1645 1027 1709 1055 re-

241 1085 393 1137 pulsam
442 1084 617 1131 tulisset,
664 1085 829 1123 eundem
862 1096 991 1135 poena
1025 1084 1150 1137 affici,
1183 1089 1302 1135 prout
1333 1097 1395 1125 res
1428 1083 1709 1136 postularent,

241 1154 382 1207 quibus
415 1154 584 1207 permoti
610 1153 763 1206 judices
796 1153 999 1205 indignum
1032 1166 1119 1192 eum
1153 1153 1373 1194 duxissent.

354 1222 596 1273 Δοκιμασία
629 1223 934 1276 magistratuum
967 1222 1049 1263 alia
1080 1227 1189 1271 erat,
1222 1222 1303 1262 alia
1334 1227 1553 1264 oratorum.
1606 1222 1709 1264 Res-

241 1283 410 1344 publica.>
429 1292 733 1332 Atheniensium
764 1305 882 1344 quum
909 1292 1093 1332 omnibus
1117 1291 1420 1344 inspicientibus
1445 1292 1709 1332 administra-

239 1365 364 1409 retur,
404 1374 719 1415 unumquemque
753 1361 915 1409 civium,
950 1374 1064 1415 quem
1096 1360 1273 1401 studium
1306 1365 1346 1401 et
1378 1361 1500 1401 animi
1536 1361 1709 1414 impetus

239 1430 489 1483 impellebat,
522 1430 582 1470 vel
616 1431 653 1470 in
686 1436 829 1470 senatu
860 1430 921 1470 vel
955 1431 993 1470 in
1027 1430 1112 1470 foro
1146 1432 1197 1470 ad
1232 1431 1442 1470 dicendum
1473 1443 1632 1483 surgere
1657 1430 1708 1470 li-

240 1500 357 1540 citum
404 1506 501 1540 erat.
560 1500 647 1540 Nec
693 1504 886 1553 quantum
934 1500 1100 1553 quisque
1145 1500 1185 1540 in
1227 1500 1393 1539 dicendo
1430 1499 1605 1546 valeret,
1639 1511 1712 1539 nee

243 1574 393 1620 quanta
424 1583 552 1610 rerum
585 1569 752 1610 scientia
782 1569 999 1610 instructus
1035 1583 1105 1610 nec
1138 1583 1216 1623 quo
1249 1569 1412 1611 honoris
1435 1570 1560 1622 gradu
1584 1575 1708 1618 esset,

238 1638 340 1678 ratio
372 1638 512 1679 habita
543 1644 625 1688 est3
657 1638 732 1679 hoc
763 1651 881 1678 unum
914 1638 1200 1691 spectabatur,
1232 1651 1325 1678 num
1359 1636 1561 1690 ἐπίτιμος
1594 1643 1711 1679 esset.

240 1705 356 1752 Quod
395 1708 428 1747 si
461 1709 547 1761 quis
581 1709 744 1749 infamia
775 1709 989 1760 adspersus
1021 1709 1059 1748 in
1094 1713 1229 1748 rostra
1259 1709 1517 1757 escenderat,
1551 1709 1657 1749 actio
1674 1709 1709 1762 ³)

239 1775 461 1830 (ἔνδειξις,
494 1776 751 1830 ἐπαγγελία)
783 1778 821 1817 in
856 1790 942 1817 eum
977 1778 1131 1817 intenta
1166 1782 1240 1818 est.

352 1844 378 1902 ξ
414 1847 447 1886 l.
507 1845 657 1903 βουλή.
721 1846 904 1887 Comitiis
950 1847 1138 1899 populum
1174 1860 1311 1888 omnes
1343 1847 1707 1889 administrationis

240 1921 372 1968 partes
405 1917 599 1969 attingere
631 1929 707 1957 non
741 1929 858 1969 posse
890 1917 1021 1956 nescio
1054 1930 1104 1956 an
1139 1916 1285 1966 Solon,
1318 1918 1429 1971 cujus
1461 1923 1545 1961 tam
1581 1917 1710 1957 multa

239 1986 394 2036 patriae
427 1985 575 2025 utiliter
608 1986 714 2025 facta
745 1986 943 2033 feruntur,
976 1987 1120 2026 viderit
1155 1999 1271 2039 quum
1305 1994 1488 2027 senatum
1515 1987 1709 2035 instituit,

239 2054 304 2105 qui
350 2066 561 2106 personam
608 2055 783 2095 civitatis
823 2067 961 2107 gerens
993 2055 1150 2107 singula
1183 2061 1499 2108 persequeretur.
1563 2056 1607 2096 Si
1640 2069 1708 2097 ra-

238 2122 382 2163 tionem
430 2124 682 2177 respicimus,
730 2137 810 2177 qua
841 2129 1005 2164 senatus
1038 2125 1176 2177 primis
1207 2125 1284 2165 illis
1316 2127 1566 2178 temporibus
1598 2139 1709 2167 com-

238 2192 390 2243 positus
436 2193 488 2234 sit
534 2200 654 2247 atque
700 2194 928 2242 ordinatus,
960 2200 1121 2235 constat
1152 2208 1240 2235 eum
1274 2207 1480 2236 numerum
1514 2196 1708 2249 quadrin-

238 2267 442 2314 gentorum
475 2263 648 2304 effecisse
681 2264 864 2317 civesque
896 2264 1054 2305 infimae
1084 2265 1215 2305 tribus
1247 2265 1397 2306 honore
1430 2266 1545 2319 hujus
1578 2266 1706 2320 magi-

236 2336 387 2372 stratus
433 2333 614 2373 exclusos
653 2334 786 2374 fuisse.
847 2332 965 2379 Quod
1003 2335 1061 2375 ita
1100 2335 1327 2375 institutum
1360 2335 1556 2388 integrum
1591 2349 1707 2375 man-

235 2400 305 2447 sit,
352 2401 475 2441 donec
520 2408 681 2443 auctore
729 2403 975 2452 Cleisthene‚
1011 2404 1204 2444 accerimo
1236 2404 1304 2444 illo
1334 2404 1535 2445 libertatis
1567 2405 1705 2458 populi

235 2468 412 2517 vindice,
451 2476 582 2511 status
614 2473 856 2526 reipublicae
887 2473 946 2512 ita
981 2478 1251 2513 commutatus
1283 2478 1362 2522 est,
1395 2479 1440 2513 ut
1471 2475 1636 2515 civitate
1668 2474 1707 2513 in

328 2598 361 2636 1)
389 2598 477 2640 Insp.
503 2599 520 2639 ξ
548 2602 577 2630 2.
628 2597 744 2631 ἔνεστί
775 2610 813 2631 τε
847 2597 885 2632 ἓν
914 2599 965 2642 τῷ
1000 2597 1097 2645 ὅρκῳ
1132 2598 1358 2644 ἀποφαίνειν
1385 2596 1420 2634 εἰ
1442 2601 1498 2635 τίς
1522 2600 1604 2633 τίνα
1632 2595 1711 2632 οἶδε

236 2653 308 2685 τῶν
332 2652 514 2696 λαχόντων
539 2653 798 2699 ἀνεπιτήδειον
824 2654 911 2690 ὄντα
936 2656 1134 2703 βουλεύειν.

330 2714 366 2754 2)
391 2714 590 2746 Scht'mman.
641 2715 771 2748 Greich.
799 2717 1026 2750 Alterthnmer
1053 2719 1077 2750 1:
1104 2729 1177 2760 pag.
1205 2722 1283 2751 408.

331 2772 367 2810 3)
393 2771 531 2805 Vise-her
558 2775 623 2806 und
651 2773 850 2806 Selioninun.
899 2775 1050 2807 Attische
1077 2776 1225 2809 Process.
1254 2788 1328 2820 pag.
1356 2781 1433 2810 210.
