1843 2987
1606 339 1651 372 :²5

189 443 292 489 stet,
324 444 456 483 utrum
489 439 631 497 dignus
661 438 779 483 Philo
807 437 1048 494 judicandus
1077 437 1133 480 sit
1162 450 1304 488 necne,
1336 435 1452 480 facile
1481 440 1655 492 apparet

189 512 353 552 verbum
400 512 499 553 illud
544 524 624 552 non
668 523 788 563 posse
832 509 1052 562 significare
1096 509 1302 551 infamiam
1320 539 1331 557 ‚
1360 521 1441 561 qua
1471 506 1653 561 repulsus

189 579 296 622 haud
341 579 460 623 dubie
505 578 735 621 afficiendus
780 579 845 622 sit.
905 578 1076 634 Spectat
1121 575 1148 636 ἡ
1180 575 1386 635 παρούσῃ
1417 572 1569 629 α’τιμία
1599 576 1652 619 ad

188 650 415 704 infamiam,
460 662 580 702 quarn
624 650 702 691 sibi
745 654 1004 691 contraxerat
1033 662 1123 690 rens
1154 662 1200 690 eo
1230 654 1432 702 tempore,
1462 660 1541 701 quo
1571 647 1652 689 rei·

188 716 373 772 publicae
402 716 441 758 in
473 716 656 769 periculis
678 717 856 759 versanti
879 716 1070 759 auxilium
1095 717 1195 759 ferre
1216 729 1295 758 non
1317 717 1485 758 curavit.
1521 716 1650 758 Athe-

187 789 251 830 nis
295 799 373 828 non
417 787 545 829 solum
576 787 611 828 is
641 787 800 829 infamis
832 788 1070 842 ducebatur,
1104 787 1170 842 qui
1194 787 1346 841 judicio
1376 786 1547 828 infamia
1574 799 1650 828 no-

189 862 302 898 tatus
346 861 455 912 erat,
500 857 572 897 sed
609 856 731 897 etiam
763 857 830 911 qui
860 857 1029 898 officium
1059 857 1097 898 in
1130 856 1416 910 rempublicam
1447 857 1650 899 detrecta-

189 925 284 977 bat3
314 926 426 968 velut
456 926 523 980 qui
554 926 761 979 pecuniam
793 926 948 968 civitati
981 927 1175 976 debebat,
1205 926 1365 967 infamis
1396 931 1503 974 erat,
1525 926 1651 967 donec

187 994 366 1036 debitum
410 995 671 1048 persolverat.
728 995 917 1036 Militiam
963 995 1030 1037 ille
1076 997 1310 1037 detraxerat
1354 1008 1426 1036 nec
1463 995 1649 1037 alterutri

187 1063 294 1118 parti
337 1076 381 1105 se
426 1064 686 1118 adjunxerat,
733 1064 876 1117 quibus
920 1065 1038 1106 rebus
1078 1064 1163 1118 jam
1203 1063 1357 1118 pridem
1390 1064 1556 1105 affectus
1586 1067 1648 1104 est

188 1132 353 1173 infamia
370 1133 425 1187 ¹),
457 1145 575 1188 quam
607 1138 652 1172 ut
680 1139 885 1174 senatores
909 1134 1059 1188 judicio
1096 1134 1376 1174 confirmarent
1404 1137 1542 1173 orator
1570 1132 1648 1172 fla-

188 1200 304 1256 gitat.
1149 1194 1152 1197 ’

303 1267 331 1327 ξ
363 1270 431 1312 31.
490 1270 718 1325 Interrogat
747 1276 884 1313 orator
908 1272 1061 1325 judices
1092 1284 1184 1313 num
1217 1269 1431 1312 verisimile
1459 1269 1533 1318 sit,
1557 1280 1645 1309 eum

185 1346 341 1382 secreta
379 1345 543 1381 senatus
578 1341 744 1383 consilia
773 1354 851 1382 non
883 1341 1183 1392 enunciaturum
1214 1353 1320 1389 esse,
1351 1339 1419 1393 qui
1444 1338 1559 1393 jussa
1589 1337 1646 1379 le·

185 1408 245 1462 gis
276 1412 398 1462 atque
427 1408 625 1461 imperata
656 1409 791 1462 palam
821 1410 930 1451 facta
959 1411 1060 1451 adeo
1091 1408 1393 1462 contempserit,
1425 1412 1471 1448 nt
1499 1412 1541 1447 et
1568 1419 1646 1460 pa-

185 1476 305 1518 triam
335 1476 374 1518 in
407 1477 582 1519 maximo
613 1477 838 1520 discrimine
869 1483 1092 1520 versantem
1116 1478 1302 1532 proderet
1321 1481 1362 1518 et
1382 1475 1535 1518 nefaria
1556 1488 1645 1517 cce-

186 1544 271 1586 lera
301 1545 341 1585 in
371 1557 415 1585 se
444 1546 686 1588 admitteret.

302 1610 331 1669 ξ
374 1614 442 1654 32.
501 1611 528 1669 ἡ
575 1613 794 1665 πολιτεία,
840 1614 1052 1668 disciplina
1095 1615 1185 1669 ipsa
1215 1613 1417 1663 civitatis;
1447 1613 1645 1667 agebatur

185 1681 289 1722 enim
335 1681 411 1722 hoc
454 1682 577 1731 bello,
622 1688 753 1724 utrum
797 1696 921 1737 genus
966 1684 1208 1737 reipublicae
1252 1683 1446 1737 populare
1489 1683 1644 1735 vigeret

185 1761 320 1791 necne.

300 1816 329 1874 ξ
376 1818 443 1859 33.
502 1817 843 1875 κληρωσόμενος.
903 1819 963 1860 Ut
1000 1820 1144 1861 studiis
1174 1820 1358 1861 obstaret
1386 1832 1543 1868 eorum,
1575 1819 1643 1873 qui

185 1886 340 1928 ambitu
381 1886 631 1930 clandestina
665 1889 831 1931 consilia
859 1893 1078 1938 struerent,
1109 1888 1359 1931 Cleisthenes
1387 1888 1641 1931 sortitionem

184 1954 377 2004 instituit,
422 1968 495 1996 nec
538 1969 855 2012 unumquemque
883 1958 1026 1999 civium
1058 1970 1135 1998 non
1168 1957 1317 1998 licitum
1345 1963 1434 1999 erat
1465 1958 1641 2012 profiteri

182 2036 226 2065 se
256 2024 536 2082 candidatum,
566 2026 641 2067 nisi
670 2026 816 2067 scelere
845 2027 1055 2068 commisso
1079 2027 1145 2079 jus
1176 2026 1388 2067 amisisset,

300 2091 328 2148 ξ
359 2092 426 2133 34.
485 2091 605 2133 δεινὰ
636 2094 989 2148 παραδείγματας
1018 2095 1135 2148 vulgo
1162 2095 1306 2147 legitur
1333 2093 1478 2144 κοινά,
1502 2108 1639 2136 exem-

184 2159 255 2212 pla
287 2172 389 2214 quae
420 2160 472 2201 ad
501 2172 637 2201 omnes
666 2167 871 2215 spectant,
902 2163 964 2204 vel
995 2161 1140 2217 καινά,
1173 2175 1280 2204 nova
1300 2167 1423 2217 atque
1443 2162 1639 2204 inaudita.

182 2228 300 2270 Licet
346 2234 509 2271 auctore
536 2229 873 2279 ,Rauchensteinio
917 2230 1039 2273 δεινά
1082 2231 1317 2286 receperim,
1358 2245 1496 2274 verum
1540 2231 1638 2274 illud

182 2297 355 2339 cratoris
386 2298 550 2340 verbum
580 2312 657 2341 non
688 2301 941 2355 rejiciendum
972 2315 1059 2343 esse
1088 2301 1286 2343 existimo.

280 2438 314 2476 1)
348 2437 436 2469 Plut.
463 2437 531 2471 Sol.
559 2442 613 2470 20.
638 2456 680 2463 —
706 2433 838 2480 νόμος,
865 2434 885 2471 ὁ
911 2435 1063 2472 κελσῦιυν
1087 2434 1219 2481 ἄτιμον
1243 2436 1337 2473 εἶναι
1361 2438 1426 2471 τόν
1450 2436 1488 2471 ἓν
1513 2436 1638 2473 στάσει

180 2488 388 2539 pandatione
410 2491 565 2539 μερίδος
589 2492 795 2540 γενόμενον.
