1843 2987
247 251 266 282 8

236 350 340 412 jora
385 363 485 393 esse
526 345 720 410 planum
759 344 932 391 faciant
969 352 1015 391 et
1046 359 1166 407 quae
1202 341 1303 406 ipse
1339 337 1579 388 omiserim
1618 335 1703 383 ad—

244 416 459 463 hibentes
497 414 555 461 de
590 414 669 468 iis,
706 430 825 478 quae
863 414 1034 467 sciant,
1070 413 1128 460 de
1164 412 1346 476 integro
1383 409 1527 457 istum
1564 423 1702 455 accu-

242 494 369 536 sent;
428 501 523 530 non
579 483 705 529 enim
759 499 816 528 ex
870 482 988 529 meis
1025 482 1179 528 solum
1218 479 1370 528 verbis
1408 494 1563 526 mores
1602 477 1703 542 ejus

242 561 452 617 spectare
490 568 568 598 vos
606 558 802 628 opcltct.

196 640 213 670 5
378 619 626 667 Contendo
663 619 805 683 igitur
846 616 999 664 nullos
1034 617 1149 664 alios
1188 618 1489 665 consiliorum
1523 622 1702 662 vestro-

241 708 345 737 rum
397 698 608 737 auctores
649 704 750 734 esse
794 695 1032 751 oportere,
1071 703 1214 749 quam
1252 686 1333 749 qui
1371 695 1701 751 praeterquam

244 759 370 821 quod
428 758 548 805 cives
602 757 716 810 sint,
766 756 887 803 cives
926 755 1065 801 etiam
1110 772 1211 802 esse
1249 756 1454 819 cupiant.
1524 753 1702 801 Eorum

243 828 368 874 enim
411 826 614 873 maxime
654 825 869 879 interest,
908 832 1065 870 utrum
1103 824 1225 871 bene
1262 840 1321 870 an
1357 840 1491 871 secus
1529 840 1579 869 se
1616 822 1702 868 ha-

240 896 348 943 beat
399 894 683 959 respublica,
740 893 916 957 quippe
968 893 1049 956 qui
1104 893 1422 940 necessarium
1469 891 1558 938 sibi
1600 907 1703 937 esse

240 964 505 1027 intelligant
551 962 750 1009 tolerare
805 977 1154 1024 quemcumque
1191 961 1479 1025 reipublicae
1516 960 1704 1006 fortuna

196 1042 214 1074 ὓ
241 1031 455 1078 tribuerit
502 1047 674 1078 casum.
748 1027 879 1081 Quos
934 1046 1041 1076 vero
1095 1045 1243 1092 quum
1290 1030 1387 1076 nati
1425 1030 1521 1076 sint
1557 1028 1703 1082 cives,

241 1100 356 1147 haec
390 1108 519 1147 tenet
553 1098 734 1164 opinio,
770 1115 960 1146 omnem
998 1105 1193 1154 terram,
1230 1098 1313 1147 ubi
1348 1115 1423 1146 res
1461 1098 1520 1147 ad
1558 1096 1701 1146 vitam

242 1169 524 1217 necessarias
570 1169 681 1216 satis
725 1168 950 1222 habeant,
987 1168 1185 1231 patriam
1226 1185 1354 1223 esse,
1391 1185 1471 1216 eos
1508 1175 1705 1234 apparet

241 1237 454 1302 neglecta
501 1253 687 1285 summa
722 1236 871 1283 salute
908 1236 1003 1284 suis
1037 1236 1249 1301 ipsorum
1286 1238 1549 1286 commodis
1588 1254 1702 1285 con-

242 1306 445 1353 sulturos
500 1323 623 1361 esse,
678 1304 853 1369 quippe
891 1305 972 1368 qui
1007 1323 1105 1352 rem
1139 1305 1421 1353 familiarem
1458 1324 1553 1354 non
1592 1305 1704 1354 civi-

197 1386 215 1419 7
241 1384 387 1422 tatem
443 1374 618 1439 patriae
655 1374 755 1422 loco
794 1372 1012 1423 habeant.
1085 1373 1184 1439 Ego
1215 1374 1358 1439 igitur
1396 1374 1592 1439 planum
1630 1374 1702 1420 fa—

243 1444 362 1491 ciam
417 1442 666 1491 Philonem
721 1443 846 1489 hunc
899 1444 1126 1508 majorem
1180 1460 1293 1490 suae
1348 1444 1497 1509 ipsius
1540 1443 1704 1490 salutis

242 1529 386 1574 quarn
440 1511 704 1560 communis
757 1510 1041 1575 reipublicae
1095 1512 1293 1576 periculi
1346 1512 1577 1560 rationem
1617 1512 1704 1559 ha-

241 1579 401 1628 buisse
458 1588 504 1628 et
555 1580 698 1628 vitam
753 1587 904 1627 tutam
949 1596 1086 1644 agere
1123 1580 1293 1629 melius
1331 1581 1521 1629 duxisse
1559 1595 1703 1643 quam

242 1648 528 1713 reipublicae
564 1648 763 1696 salutem
802 1647 968 1696 afferre
999 1649 1133 1714 juxta
1168 1657 1347 1698 ceteros
1386 1649 1508 1698 cives
1545 1649 1594 1698 in
1616 1665 1702 1713 pe-

196 1727 216 1760 8
242 1717 387 1765 riculo
441 1726 718 1765 versantem.
791 1715 953 1769 Quum
1010 1718 1135 1765 enim
1191 1719 1364 1766 civitati
1417 1719 1574 1767 clades
1623 1717 1704 1766 illa

243 1786 410 1834 accidit
445 1816 512 1823 —
548 1804 689 1851 quam
727 1794 937 1842 tantum,
974 1798 1206 1852 quantum
1243 1804 1317 1835 res
1342 1788 1572 1852 postulat,
1592 1804 1702 1853 per-

241 1855 418 1919 stringo
470 1884 537 1891 —
592 1854 731 1903 Philo
793 1855 869 1903 hic
923 1873 1016 1903 una
1066 1873 1172 1904 cum
1226 1857 1391 1905 ceteris
1446 1856 1622 1905 civibus
1676 1873 1704 1905 a

240 1923 430 1987 triginta
464 1924 675 1988 tyrannis
713 1942 771 1972 ex
804 1922 919 1971 urbe
945 1923 1073 1972 abire
1092 1926 1252 1989 jussus
1278 1925 1571 1989 aliquamdiu
1595 1943 1703 1972 rure

207 1992 504 2045 ,habitabam
549 2009 695 2055 quum
733 2002 891 2040 autem
924 1993 992 2040 illi
1028 2010 1055 2040 a
1087 1992 1240 2058 Phyle
1273 1995 1322 2041 in
1356 1994 1578 2042 Piraeum
1617 1995 1703 2041 de-

240 2060 520 2108 scenderent
553 2069 599 2108 et
634 2079 728 2108 non
765 2061 918 2108 solum
958 2079 1014 2109 ex
1051 2062 1196 2127 agris,
1233 2063 1317 2111 sed
1355 2063 1497 2112 etiam
1536 2079 1595 2111 ex
1630 2062 1702 2110 lo-

241 2129 304 2176 cis
360 2129 562 2178 externis
616 2130 785 2195 partim
837 2131 885 2178 in
942 2131 1131 2187 urbem,
1173 2132 1343 2197 partim
1392 2133 1440 2181 in
1479 2131 1704 2181 Piraeum

240 2216 491 2246 concursus
544 2200 692 2247 factus
748 2209 871 2247 esset
925 2208 971 2247 et
1013 2210 1242 2266 quantum
1282 2202 1483 2268 quisque
1520 2209 1707 2267 poterat

239 2276 422 2314 tantum
479 2269 657 2332 patriae
710 2278 1023 2326 succurreret,
1078 2271 1271 2320 omnino
1309 2289 1444 2321 secus
1496 2272 1573 2319 hic
1610 2270 1705 2335 egit

192 2347 210 2379 9
238 2344 379 2398 atque
432 2355 595 2385 omnes
644 2338 798 2386 ceteri.
867 2337 1034 2387 Rebus
1078 2340 1203 2387 enim
1241 2341 1448 2389 collectis
1480 2349 1611 2388 extra
1645 2339 1703 2386 fi-

238 2421 322 2452 nes
368 2404 551 2453 Atticae
597 2407 758 2455 sedem
796 2407 1035 2456 transtulit
1072 2417 1119 2457 et
1150 2409 1328 2458 trib'uto
1366 2407 1514 2475 Oropi
1550 2407 1705 2457 soluto

237 2472 285 2521 in
339 2475 626 2539 praesidium
680 2476 864 2541 patroni
897 2477 1156 2543 inquilinus
1193 2496 1244 2527 se
1281 2480 1499 2534 contulit;
1535 2476 1705 2526 maluit

237 2560 410 2608 nempe
446 2546 575 2609 apud
613 2563 692 2593 eos
718 2546 978 2610 inquilinus
1005 2565 1152 2628 quum
1181 2548 1428 2597 nobiscum
1456 2547 1567 2596 civis
1588 2562 1703 2595 esse

237 2610 337 2659 Nec
387 2615 586 2661 eandem
641 2632 693 2662 ac
746 2616 963 2665 nonnulli
1016 2618 1186 2666 civium
1220 2618 1454 2667 rationem
1491 2624 1704 2671 secutus,

236 2681 316 2743 qui
367 2698 513 2745 quum
561 2684 769 2732 exules
757 2703 810 2733 111
842 2685 983 2735 rebus
1020 2688 1216 2752 agendis
1253 2705 1480 2755 prospera
1516 2687 1706 2734 fortuna

235 2758 420 2799 utentes
476 2753 711 2810 viderent,
767 2756 1015 2805 consilium
1063 2756 1336 2814 mutabant,
1372 2775 1433 2806 ne
1469 2754 1703 2807 secunda-
