1843 2987
0 2084 17 2249 l

0 2278 5 2404 ε

0 2483 10 2586 l

0 2689 16 2914 R

216 1010 332 1059 Quae
363 1013 468 1065 apud
501 1013 689 1066 antiquas
720 1017 856 1063 gentes
885 1010 1014 1052 forma
1046 1016 1131 1051 erat
1155 1011 1352 1061 civitatis,
1378 1013 1457 1055 fieri
1481 1027 1557 1054 non

99 1083 250 1134 potuit,
298 1082 391 1135 quin
439 1082 604 1122 forensis
651 1081 726 1135 illa·
758 1093 859 1133 quae
890 1085 1057 1119 vocatur
1087 1079 1314 1132 eloquentia
1345 1081 1560 1122 laetissime

99 1151 269 1192 floreret.
332 1149 486 1196 Quodsi
535 1150 762 1191 Ciceronem
811 1148 967 1188 intuens
1013 1147 1280 1200 eloquentiam
1322 1152 1373 1191 ad
1406 1151 1557 1191 altissi-

99 1232 204 1260 mum
236 1219 342 1271 apud
375 1218 582 1260 Romanos
613 1217 813 1271 fastigium
845 1220 1023 1257 evectam
1057 1217 1287 1265 admiraris,
1324 1231 1427 1271 quae
1463 1232 1556 1271 gens

98 1301 175 1328 non
208 1294 291 1328 tam
324 1288 487 1340 propria
517 1287 661 1341 ingenii
692 1287 731 1327 vi
762 1286 958 1332 excitata,
992 1298 1110 1337 quam
1142 1284 1387 1327 Graecorum
1420 1301 1556 1327 exem-

98 1356 175 1409 plis
220 1356 383 1397 inducta
416 1358 467 1397 ad
500 1362 626 1397 artem
659 1354 920 1396 factitandam
953 1355 1187 1402 accedebat,
1219 1355 1334 1396 facile
1365 1362 1555 1409 apparet,

98 1426 164 1479 qui
210 1426 262 1467 ad
307 1426 567 1478 originem-et
596 1425 709 1479 quasi
742 1425 890 1463 fontem
924 1422 1078 1463 dicendi
1109 1424 1207 1463 artis
1240 1431 1449 1477 penetrare
1480 1439 1555 1466 vo-

96 1494 231 1542 luerit,
280 1496 454 1535 animum
502 1496 552 1535 ad
599 1493 780 1534 Graecos
827 1497 1053 1532 convertere
1084 1498 1286 1544 oportere,
1332 1494 1398 1546 qui
1423 1496 1553 1535 omni-

96 1563 171 1603 bus
215 1563 334 1604 rebus
372 1563 542 1617 speciem
576 1563 776 1617 quandam
809 1560 1112 1614 pulchritudinis
1144 1562 1410 1604 conciliarent.
1473 1564 1553 1605 Diu

95 1635 230 1672 tamen
277 1633 383 1685 apud
430 1645 497 1673 eos
546 1631 723 1685 neglecta
761 1630 889 1683 jacuit
932 1629 1029 1669 haec
1073 1643 1138 1671 ars
1175 1642 1246 1671 nec
1275 1631 1401 1683 magis
1433 1643 1551 1685 quam

95 1700 180 1742 ulla
211 1701 293 1742 alia
322 1701 498 1755 perfecta
530 1699 788 1748 nascebatur,
820 1710 911 1738 nam
944 1699 1089 1751 gradus
1122 1699 1282 1752 quidam
1315 1706 1429 1740 erant
1461 1713 1552 1754 per-

94 1771 293 1819 currendi,
333 1776 548 1824 antequam
585 1771 623 1810 in
655 1775 738 1809 tam
770 1768 938 1808 sublime
969 1768 1168 1821 fastigium
1201 1768 1429 1821 eloquentia
1459 1783 1551 1823 per-

95 1838 262 1881 veniret.
322 1837 493 1886 Quanta.
518 1839 578 1879 vis
610 1843 713 1878 esset
745 1837 994 1891 eloquentiae
1025 1842 1297 1891 quantumque
1327 1840 1378 1880 ad
1405 1852 1550 1880 causa-

94 1920 181 1949 rum
213 1908 424 1949 forensium
458 1920 570 1948 usum
602 1907 773 1955 valeret,
803 1907 1113 1955 Demosthenes,
1151 1908 1287 1948 unicus
1317 1907 1382 1947 ille
1414 1914 1552 1948 orator

92 1977 352 2030 princepsque
397 1976 593 2025 omnium,
640 1975 758 2028 plane
803 1976 998 2023 ostendit,
1044 1988 1115 2016 nec
1150 1982 1212 2016 est
1249 1989 1317 2017 cur
1347 1976 1550 2022 miremur.

91 2045 240 2098 ingenti
286 2046 404 2086 laude
449 2058 584 2085 omnes
630 2049 785 2084 aetates
816 2045 981 2084 eundem
1012 2044 1163 2085 tulisse.
1223 2044 1304 2085 Sed
1336 2046 1467 2085 nescio
1498 2059 1548 2085 an

91 2119 229 2155 orator
273 2113 357 2162 ille,
395 2114 456 2154 cui
489 2113 595 2154 haud
629 2112 748 2154 dubie
778 2111 914 2166 palma
945 2112 1195 2166 eloquentiae
1227 2112 1438 2155 deferenda
1468 2121 1548 2163 est,

90 2184 240 2236 fulgore
293 2185 464 2238 quodam
518 2182 713 2224 claritatis
757 2195 853 2222 suae
898 2183 1086 2222 tenebras
1132 2183 1271 2223 ceteris
1320 2184 1549 2224 oratoribus

90 2252 323 2301 obduxerit,
356 2266 456 2307 quos
487 2251 704 2306 permultos
732 2265 878 2305 eosque
906 2252 944 2292 in
968 2252 1132 2293 dicendo
1155 2252 1349 2304 perfectos
1374 2251 1548 2294 Graecia

90 2321 196 2362 tulit.
257 2319 338 2367 Qui
386 2335 504 2374 quum
545 2321 824 2368 Demostheni,
856 2321 922 2374 qui
953 2321 1014 2361 sui
1049 2320 1215 2361 similem
1249 2322 1441 2362 neminem
1472 2322 1547 2363 ha·

90 2389 178 2439 bet,
214 2403 340 2445 neque
371 2391 522 2432 viribus
553 2404 677 2445 neque
708 2390 824 2432 laude
853 2391 935 2431 sint
964 2403 1101 2443 pares,
1134 2389 1241 2443 digni
1272 2397 1407 2431 tamen
1431 2398 1547 2440 sunt,

90 2459 157 2512 qui
195 2461 359 2502 secundi
390 2460 443 2503 ab
472 2460 542 2502 illo
573 2465 848 2510 numerentur3
879 2473 951 2501 nec
981 2459 1063 2501 ulla
1092 2459 1172 2500 fere
1203 2460 1251 2501 de
1281 2459 1328 2500 iis
1360 2460 1547 2501 obmute-

86 2533 171 2568 scet
216 2534 418 2586 vetustas,
465 2543 557 2571 nam
606 2531 697 2572 dum
746 2528 928 2571 Graecae
968 2530 1101 2584 vigent
1132 2529 1289 2583 literae,
1322 2529 1440 2571 laude
1471 2530 1546 2571 flo-

87 2597 244 2642 rebunt.
304 2597 484 2647 Quorum
516 2612 566 2641 ex
596 2613 757 2642 numero
788 2611 906 2655 quum
936 2599 1102 2655 Lysiam
1127 2598 1309 2654 elegerim
1331 2604 1372 2640 et
1393 2599 1546 2641 oratio-
