1843 2987
1608 269 1625 302 5

168 373 301 408 tamen
334 366 434 407 haec
464 372 507 408 ut
538 366 632 408 mihi
664 367 821 419 quidem
854 367 1034 415 videtur,
1067 380 1091 408 a
1112 367 1388 420 simplicitate,
1412 380 1513 421 quae
1535 380 1629 407 ora-

167 438 266 478 toris
297 442 359 476 est
392 437 574 490 propria,
606 449 683 476 non
717 436 859 476 aliena.

282 507 424 548 Brevis
460 518 615 554 eorum,
648 518 750 558 quae
783 506 964 546 oratione
996 507 1267 554 continentur,
1300 506 1498 558 expositio
1531 505 1628 546 haec

167 576 245 617 fere
275 582 347 617 est.
407 575 565 617 Philoni
598 588 716 628 quum
748 575 937 616 senatorii
971 575 1142 615 muneris
1176 576 1431 616 candidatum
1464 588 1507 615 se
1529 587 1625 627 pro-

167 646 292 687 fessus
337 649 461 692 esset,
507 648 614 684 sorte
659 645 809 691 evenit,
858 649 900 683 ut
946 656 1060 697 quem
1109 649 1269 697 optaret
1300 644 1450 685 exitum
1481 644 1625 684 studiis

167 716 249 767 ejus
300 714 556 766 contingeret.
615 714 854 766 Priusquam
900 719 1033 753 tamen
1083 726 1224 754 munus
1271 713 1306 753 ei
1337 713 1436 754 inire
1468 713 1625 761 liceret,

166 784 380 823 secundum
427 783 673 835 disciplinam
722 782 897 822 civitatis
944 782 1202 822 Atheniensis
1234 782 1273 821 in
1305 787 1449 821 senatu
1482 782 1625 821 habita

167 858 229 892 est
260 853 460 905 quaestio,
492 858 624 892 utrum
658 853 798 903 dignus
830 851 890 890 vir
919 857 1025 900 esset
1055 864 1105 890 an
1138 850 1274 902 aliqua
1296 851 1451 891 ratione
1469 852 1623 891 aditum

167 920 243 961 sibi
290 921 510 973 eripuisset.
571 917 664 965 Qua
709 920 748 959 in
780 920 1018 972 probatione
1049 921 1100 959 ad
1133 920 1341 959 dicendum
1374 921 1499 973 surgit
1531 934 1626 960 ora-

168 995 251 1039 tor,
302 990 594 1030 accusationem
641 989 813 1028 instituit
860 994 898 1027 et
930 988 1171 1040 argumentis
1203 988 1330 1040 iisque
1361 1003 1437 1028 non
1471 990 1625 1028 levibus

168 1058 331 1109 planum
380 1063 499 1110 atque
545 1063 736 1097 testatum
784 1056 899 1103 facit,
946 1056 1153 1097 Philonem
1199 1058 1402 1111 indignum
1442 1070 1527 1096 esse
1559 1058 1624 1110 qui

172 1140 331 1177 munere
362 1126 563 1167 senatorio
594 1126 791 1178 fungatur.
853 1125 958 1166 Nam
992 1125 1194 1177 republica
1227 1126 1263 1166 in
1288 1126 1462 1167 maximo
1486 1125 1627 1165 discri-

170 1196 271 1235 mine
302 1201 505 1243 versante,
541 1208 658 1247 quum
691 1194 827 1235 exules
860 1195 897 1234 in
930 1195 1114 1235 Piraeum
1147 1195 1451 1243 descenderent,
1484 1200 1525 1234 ut
1552 1207 1625 1246 po-

168 1270 356 1306 testatem
405 1265 687 1317 perfringerent
731 1276 884 1311 eorum,
931 1263 995 1316 qui
1028 1263 1192 1315 triginta
1222 1264 1401 1319 tyrranni
1434 1263 1626 1317 appellati

171 1347 299 1375 rerum
342 1334 457 1387 potiti
500 1340 651 1381 essent,
684 1338 724 1372 et
754 1334 927 1385 patriam
960 1346 981 1371 e
1011 1333 1204 1372 servitute
1234 1333 1500 1380 vindicarent,
1532 1346 1625 1373 neu-

172 1403 221 1443 tri
269 1403 371 1456 parti
416 1415 458 1443 se
506 1403 745 1456 adjunxerat
776 1414 882 1450 reuS,
908 1403 1018 1454 ,quod
1051 1415 1168 1455 quum
1202 1403 1354 1456 legibus
1384 1403 1545 1443 Solonis
1577 1416 1625 1442 ne

168 1471 248 1511 fieri
301 1471 436 1512 liceret
481 1471 688 1523 diligenter
733 1472 927 1511 sancitum
959 1478 1081 1519 esset,
1109 1473 1309 1513 maximae
1341 1473 1466 1526 legum
1501 1473 1625 1522 negli-

167 1540 323 1591 gentiae
362 1545 404 1580 et
437 1540 559 1581 animi
598 1554 624 1580 a
653 1539 854 1593 republica
885 1539 1047 1580 alienati
1078 1541 1247 1593 speciem
1280 1542 1479 1594 praebuit.
1539 1541 1624 1581 Ne-

169 1622 243 1661 que
293 1622 385 1650 vero
435 1609 516 1650 alia
562 1609 635 1650 viri
674 1607 821 1649 nefarie
851 1608 959 1648 facta
987 1608 1026 1648 in
1059 1608 1182 1649 lucem
1219 1623 1295 1650 non
1328 1610 1489 1664 prolata
1519 1616 1624 1651 sunt.

167 1678 213 1718 In
246 1677 312 1718 illo
344 1678 445 1718 enim
479 1677 822 1730 perturbationum
855 1681 894 1717 et
925 1676 1195 1718 molestiarum
1219 1680 1396 1728 turbine,
1419 1681 1512 1720 dum
1536 1685 1624 1720 tota

168 1744 339 1786 Graecia
369 1746 655 1787 discordiarum
688 1745 862 1787 civilium
894 1746 995 1787 mole
1018 1748 1234 1795 tremebat,
1258 1761 1307 1789 ex
1328 1749 1446 1789 rebus
1469 1750 1625 1802 patriae

168 1815 327 1856 afflictis
367 1821 407 1855 et
437 1814 609 1855 adversa
639 1814 781 1855 civium
813 1816 973 1856 fortuna
1004 1817 1249 1857 occasionem
1281 1830 1393 1858 suam
1426 1817 1625 1870 petiverat

169 1884 308 1933 Philo,
355 1890 400 1924 ut
435 1884 501 1938 qui
533 1883 675 1924 ultima
705 1884 938 1925 crudelitate
968 1884 1007 1924 in
1038 1897 1152 1924 senes
1184 1887 1376 1938 quosdam
1409 1887 1623 1934 saevisset,

169 1954 235 2006 qui
283 1966 354 2007 per
391 1959 565 1995 aetatem
597 1954 649 1994 ad
681 1953 853 2006 patriam
884 1959 923 1994 et
954 1967 996 1993 se
1026 1955 1134 2007 ipsos
1166 1955 1432 1996 defendendos
1463 1954 1623 1995 inutiles

167 2028 310 2063 essent.
370 2022 539 2064 Accedit
584 2023 686 2075 quod
733 2022 999 2072 reverentiae,
1037 2036 1137 2076 quae
1173 2024 1405 2076 parentibus
1437 2025 1623 2073 debetur,

168 2091 249 2146 (cui
281 2093 337 2133 rei
368 2098 561 2145 quantam
587 2092 666 2133 vim
692 2092 903 2132 tribuerint
925 2092 1209 2141 Athenienses,
1233 2106 1347 2134 nemo
1371 2093 1486 2133 facile
1509 2093 1623 2147 igno-

167 2161 251 2216 rat)
298 2161 397 2202 adeo
448 2160 595 2201 oblitus
640 2166 748 2209 erat,
794 2166 838 2201 ut
878 2161 998 2202 etiam
1028 2161 1067 2202 in
1100 2162 1208 2201 exitu
1240 2162 1348 2202 vitae
1380 2168 1509 2204 mater
1539 2163 1623 2216 ejus

166 2229 285 2282 plane
326 2230 571 2277 ostenderet,
603 2235 794 2282 quantum
825 2230 964 2283 pietati
995 2229 1063 2270 lilii
1095 2230 1304 2271 diffideret.
1362 2231 1623 2272 Testimoniis

168 2297 319 2345 anatis,
361 2300 464 2350 quod
507 2299 623 2351 objici
656 2304 792 2352 potest
823 2299 966 2339 refellit
998 2303 1134 2340 orator
1165 2304 1205 2339 et
1229 2300 1381 2352 judices
1412 2300 1624 2353 implorat,

168 2381 215 2409 ne
246 2368 442 2409 hominem
474 2368 613 2409 talium
645 2367 834 2409 scelerum
871 2369 1092 2427 convictum
1118 2369 1154 2409 in
1178 2375 1360 2410 senatum
1384 2370 1620 2423 acciperent.
