1843 2987
1591 294 1631 328 21

178 397 359 438 advenae
403 395 441 437 in
490 396 652 436 civitate
702 395 875 448 quadam
923 392 1118 435 Graeciae
1162 395 1295 435 sedem
1328 393 1637 434 collocaverant.

177 465 371 519 Athenis,
427 479 529 519 quae
575 464 718 505 civitas
764 463 940 505 maxima
984 464 1023 504 in
1055 476 1122 515 eos
1153 463 1397 504 liberalitate
1429 463 1637 512 utebatur,

180 547 326 588 magna
372 535 574 575 bominum
618 533 807 574 confluxit
838 533 1075 582 multitudo,
1109 533 1174 586 qui
1204 533 1295 573 licet
1327 532 1490 573 civitate
1521 545 1639 572 nnm-

181 617 299 657 quam
347 605 610 657 donarentur,
656 615 937 657 saepenumero
984 603 1023 643 in
1068 616 1203 656 parem
1229 602 1330 655 juris
1360 601 1639 655 libertatisque

181 674 445 714 conditionem
494 679 612 725 atque
649 673 767 713 ceteri
798 672 945 724 recepti
975 677 1080 713 sunt.
1143 672 1356 711 Tributum
1388 678 1522 711 tamen
1552 672 1638 711 sol—

181 756 273 784 vere
305 743 507 784 debebant
538 748 577 784 et
608 742 807 796 praesidio
839 741 998 795 patroni
1029 754 1072 781 se
1102 741 1295 789 conferre,
1327 740 1393 793 qui
1423 753 1541 794 quum
1565 740 1637 780 cli-

182 812 263 852 enti
309 811 438 852 nullas
482 826 544 852 res
591 814 641 853 ad
682 812 853 865 judicem
890 811 1039 851 deferre
1069 810 1222 858 liceret,
1255 822 1418 849 caussas
1450 811 1533 862 ejus
1566 810 1636 850 de-

177 882 393 923 fendendas
424 882 654 935 susciperet.
717 879 834 927 Quae
858 881 952 933 legis
965 880 1078 933 jussa
1102 879 1134 919 si
1157 879 1413 932 neglexerant
1435 879 1481 919 οἱ
1494 878 1637 931 μετοί-

176 964 265 1000 κοι,
316 950 419 990 actio
465 950 503 990 in
550 963 617 990 eos
652 950 808 990 intenta
846 953 905 989 est
945 945 1109 1005 (γραφή
1139 945 1464 1002 ἀπροστασίου,
1493 962 1635 1000 μετοι-

176 1019 263 1059 κίοι
307 1015 556 1075 ἅπαγωγή),
602 1024 642 1060 et
686 1019 795 1060 noxii
834 1018 1003 1071 judicati
1047 1017 1121 1058 sub
1168 1029 1314 1058 corona
1348 1018 1635 1059 vendebantur.

177 1089 284 1128 Bene
329 1089 377 1128 de
422 1088 624 1140 republica
656 1088 805 1129 meritis
836 1093 875 1127 et
906 1088 1100 1128 tributum
1132 1088 1414 1128 remittebatur
1444 1092 1484 1127 et
1517 1100 1636 1139 prae-

176 1156 268 1198 sidii
300 1157 458 1210 patroni
490 1157 649 1198 vacatio
681 1158 856 1198 dabatur
886 1154 1150 1205 (ἰσοτέλεια).

294 1224 665 1279 κατεργασάμενος
694 1227 812 1280 vulgo
841 1226 1003 1278 legitur,
1035 1225 1104 1264 sed
1139 1225 1269 1264 nescio
1301 1236 1350 1264 an
1374 1222 1634 1277 κατεργασό-

174 1306 319 1345 μενος,
358 1295 608 1347 praecedenti
640 1294 1018 1349 κατειργασμένοις
1048 1294 1275 1346 oppositum
1308 1294 1508 1334 meliorem
1539 1307 1634 1333 sen-

175 1363 343 1403 tentiam
392 1364 544 1403 afferat.
603 1364 748 1405 Maluit
795 1363 913 1404 rebus
939 1362 1023 1414 jam
1056 1363 1243 1403 confectis
1273 1364 1479 1416 accedere,
1513 1376 1631 1415 quam

178 1444 224 1472 eo
270 1437 448 1485 tempore
485 1434 649 1483 reverti,
681 1445 799 1486 quum
832 1431 924 1485 quid
954 1431 1145 1484 reliquum
1177 1437 1301 1481 esset,
1335 1436 1439 1485 quod
1471 1444 1633 1485 operam

175 1501 259 1553 ejus
291 1506 412 1553 atque
439 1502 631 1541 auxilium
664 1502 917 1541 desideraret.

291 1563 407 1609 ὅπου
443 1592 501 1599 -
540 1571 733 1624 παρέσχε
770 1593 824 1599 —
862 1569 957 1609 “ubi
987 1568 1046 1609 sui
1079 1568 1297 1609 collocandi
1329 1569 1483 1621 copiam
1516 1569 1633 1609 vobis

176 1638 325 1678 dedit.“
384 1640 648 1690 παρασχεῖν,
691 1639 796 1689 quod
842 1637 1012 1679 Scheibe
1059 1639 1327 1685 commendat,
1372 1650 1502 1678 nonne
1538 1638 1632 1690 reji-

176 1706 356 1747 ciendum
388 1706 476 1747 est?

290 1773 317 1831 ξ
360 1773 424 1817 10.
485 1772 539 1821 ὥς
579 1772 639 1831 μὴ
686 1772 940 1828 βουλό,ιιεθα
985 1775 1086 1816 idem
1123 1774 1233 1815 valet
1265 1779 1386 1828 atque
1416 1771 1456 1814 εἰ
1494 1774 1634 1821 κακῶς

176 1840 466 1896 ἐπράττομεν,
500 1857 622 1896 quare
656 1842 719 1899 μή
729 1875 740 1893 ,
776 1858 853 1885 non
885 1840 938 1884 ου’
968 1844 1124 1896 scripsit
1157 1848 1312 1897 orator,
1346 1856 1464 1895 quum
1487 1844 1632 1884 verbo-

177 1924 264 1951 rum
305 1911 470 1952 lenitate
499 1912 706 1954 tristitiam
737 1913 793 1953 rei
824 1913 992 1966 mitigat.
1051 1911 1198 1953 Markl.
1228 1909 1504 1965 ἐβουλόμεθα
1536 1914 1632 1954 scri-

177 1980 270 2019 bere
313 1981 420 2030 vult;
470 1981 620 2021 inutilis
664 1994 761 2021 sane
805 1982 1048 2021 emendatio!
1110 1977 1317 2021 Proverbii
1349 1993 1472 2034 prope
1502 1983 1631 2024 locum

176 2048 300 2089 verba
331 2048 535 2099 obtinent,
567 2049 671 2090 unde
700 2054 820 2103 temp.
852 2063 979 2103 praes.

289 2116 316 2174 ξ
365 2117 430 2158 11.
488 2118 574 2158 τῶν
616 2114 893 2174 ἀδικημάτων
937 2119 1140 2172 genetivus
1170 2119 1236 2160 ille
1268 2125 1346 2168 est,
1378 2133 1493 2173 quem
1526 2120 1633 2161 rela-

174 2186 295 2227 tionis
326 2191 484 2228 vocant.
543 2187 645 2228 Eum
677 2187 725 2228 iis
757 2187 1006 2241 potissimum
1038 2188 1169 2237 verbis
1201 2189 1380 2243 adjungi,
1413 2201 1515 2242 quae
1540 2202 1633 2242 per-

175 2256 389 2296 motionem
437 2258 637 2309 quandam
683 2256 804 2297 animi
851 2261 971 2309 atque
1018 2257 1199 2298 affectum
1246 2259 1485 2311 significent,
1517 2260 1633 2299 docet

175 2324 248 2365 Kr.
278 2322 346 2365 47.
377 2324 444 2365 21.
503 2325 590 2366 Nec
619 2330 680 2365 est
700 2337 768 2365 cur
790 2325 1014 2378 exemplum
1038 2326 1251 2367 multorum
1275 2332 1485 2381 sequentes
1508 2326 1633 2369 ἕνεκα

175 2394 238 2434 vel
273 2391 410 2434 ὄντων
440 2394 737 2448 intelligendum
769 2407 855 2436 esse
887 2395 1171 2436 existimemus.

289 2460 316 2519 ξ
367 2462 432 2504 12.
491 2462 755 2517 λειτουργεῖν
797 2462 953 2512 (λε’ϊτον
982 2462 1116 2515 (λαός)
1155 2484 1185 2498 --
1222 2463 1457 2520 δημόσιον,
1488 2465 1631 2520 ἔργον)

177 2531 332 2572 civitat-i
360 2532 561 2584 prodesse.
594 2532 705 2571 Vera
722 2537 842 2584 atque
866 2533 1029 2585 propria
1049 2533 1282 2586 significatio
1306 2534 1383 2574 hoc
1407 2535 1492 2575 loco
1510 2536 1633 2576 verbo

176 2600 281 2641 inest
331 2612 403 2641 nec
446 2605 604 2654 spectat
648 2601 700 2642 ad
744 2601 963 2654 impensas,
1009 2613 1108 2655 quas
1156 2603 1394 2644 ditissimum
1440 2615 1634 2656 quemque

177 2668 352 2709 Athenis
400 2670 452 2710 ad
499 2668 678 2710 solennia
721 2671 917 2723 quaedam
964 2683 1106 2724 magno
1153 2678 1353 2724 apparatu
1400 2685 1634 2727 summaque

178 2738 429 2780 caeremonia
459 2740 698 2781 celebranda
728 2745 935 2794 praestare
966 2741 1193 2794 oportebat.

293 2806 321 2868 ξ
355 2806 421 2853 13.
477 2807 584 2852 ἀλλὰ
613 2807 702 2868 μήν
731 2810 832 2866 insp.
862 2812 937 2855 Kr.
968 2810 1043 2862 69,
1074 2810 1147 2862 39,
1182 2811 1217 2855 1.
