1843 2987
234 224 280 259 14

228 319 387 368 riculis
424 326 470 365 et
505 316 733 366 acerrimo
768 313 1024 363 certamine
1053 312 1348 361 versantibus
1375 320 1424 361 et
1447 312 1697 378 disciplina

227 389 331 454 ipsa
367 386 563 436 civitatis
599 385 865 452 praemium
889 381 1109 432 victoriae
1134 382 1397 448 proposita,
1422 399 1573 448 quum
1599 400 1696 431 non

227 457 381 505 solum
420 456 480 504 de
516 456 742 521 dignitate
778 452 1032 507 senatoria,
1068 452 1153 500 sed
1190 452 1333 500 etiam
1375 452 1434 500 de
1476 451 1695 500 libertate

229 525 477 575 consilium
515 540 681 589 capere
717 521 983 588 oportebat,
1019 529 1121 568 tum
1156 520 1301 569 istum
1339 538 1434 569 non
1472 520 1694 569 obsecra-

194 625 198 628 «
227 595 365 649 bant,
402 601 455 641 ut
491 602 538 640 et
572 591 702 640 vobis
739 599 786 638 et
820 588 1106 654 reipublicae
1142 598 1457 646 succurreret,
1492 606 1580 638 nec
1606 606 1693 655 pa-

152 747 198 780 33

150 1151 198 1184 34

226 663 365 710 triam
420 661 641 727 proderet
682 676 768 707 nec
804 666 1041 712 senatum,
1078 657 1150 705 cui
1184 656 1244 705 ab
1281 658 1384 707 aliis
1416 667 1693 725 recuperato

227 739 413 796 praeter
458 731 537 795 jus
588 730 753 792 fasque
788 744 914 775 nunc
942 726 1152 793 ,adscribi
1189 727 1331 791 cupit.
1403 725 1544 776 Solus
1579 728 1696 784 iste,

226 807 489 853 senatores,
523 797 739 862 repulsus
771 814 866 844 non
898 794 1064 849 habet,
1101 795 1229 858 quod
1255 805 1545 846 succenseat.
1581 796 1692 845 Non

228 868 354 915 enim
407 883 487 914 vos
541 883 650 914 eum
703 882 828 913 nunc
879 862 1091 928 rejicitiS‚
1123 864 1208 911 sed
1245 865 1427 912 aditum
1463 863 1554 913 sibi
1589 865 1692 931 ipse

227 946 329 984 tum
369 935 561 1000 eripuit,
596 951 742 999 quum
780 950 872 998 qua
897 932 1133 981 alacritate
1158 932 1218 980 ad
1242 934 1539 982 sortitionem
1566 951 1693 984 nunc

226 1004 437 1060 accessit,
474 1003 639 1051 eadem
673 1003 814 1052 armis
850 1001 1091 1051 vobiscum
1128 1002 1410 1052 consociatis
1435 1003 1496 1052 de
1521 1012 1691 1053 senatu

224 1074 515 1122 restituendo
550 1081 653 1122 tum
689 1073 927 1120 decertare
965 1071 1128 1120 noluit.

359 1141 453 1190 Sed
506 1142 622 1189 haec
673 1142 912 1190 hactenus.
984 1138 1291 1206 Quamquam
1346 1141 1497 1190 multa
1543 1159 1686 1210 prae-

224 1211 349 1266 terii,
402 1227 548 1274 quum
602 1210 719 1258 mihi
772 1226 1049 1275 persuasum
1096 1218 1221 1257 esset
1256 1226 1338 1258 vos
1376 1211 1691 1261 nihilominus

223 1279 412 1328 utilitati
463 1277 746 1344 reipublicae
800 1278 1093 1327 consulturos
1131 1294 1247 1326 esse.
1318 1276 1687 1331 Considerantes

226 1348 351 1397 enim
388 1347 580 1414 quinam
618 1348 779 1396 ordine
816 1347 1048 1396 senatorio
1086 1346 1217 1413 digni
1248 1347 1368 1404 sint,
1393 1348 1580 1398 omissis
1607 1368 1686 1400 ce-

223 1418 334 1466 teris
388 1417 676 1483 argumentis
729 1417 818 1466 hoc
869 1416 1023 1465 solum
1060 1425 1273 1482 spectare
1310 1417 1520 1474 debetis,
1557 1420 1688 1485 quali

224 1503 334 1551 erga
385 1487 725 1551 rempublicam
770 1486 927 1533 animo
964 1486 1055 1551 ipsi
1091 1486 1223 1551 digni
1253 1487 1455 1552 judicati
1489 1489 1686 1538 fueritis.

222 1554 377 1620 Hujus
415 1555 538 1602 enim
576 1551 787 1603 Philonis
822 1554 976 1602 studia
1001 1555 1262 1619 perniciosa
1286 1556 1497 1621 produnt
1522 1574 1685 1605 exem-

222 1622 301 1687 pla
338 1631 385 1670 et
420 1640 447 1670 a
482 1623 698 1688 populari
732 1622 912 1671 ratione
949 1640 1138 1688 prorsus
1174 1633 1286 1671 sunt
1321 1624 1490 1672 aliena.
