1843 2987
638 810 1143 867 ADNOTATIONES.

228 952 485 1008 (Orationem
518 951 717 994 Graecam
751 952 886 993 videas
917 952 956 993 in
988 953 1162 994 editione
1192 952 1542 1004 Rauchensteinii,

509 1035 628 1077 quam
660 1022 910 1077 potissimum
941 1025 1064 1064 secuti
1094 1023 1268 1077 sumus).

273 1170 539 1224 Δοκιμασία,
572 1172 620 1213 de
652 1185 730 1226 qua
750 1170 826 1214 hoc
850 1170 937 1214 Ioco
965 1171 1115 1225 agitur,
1142 1170 1273 1212 nescio
1298 1184 1347 1212 an
1371 1169 1613 1225 praesidium

155 1241 354 1282 libertatis
398 1240 704 1283 Atheniensium
749 1241 944 1294 appellari
992 1241 1120 1294 possit
1143 1240 1185 1294 ¹).
1246 1241 1470 1293 Disciplina
1508 1243 1611 1282 enim

156 1311 331 1351 civitatis
362 1309 422 1351 ita
450 1312 688 1360 constituta,
720 1317 764 1351 ut
795 1316 976 1363 potestas
1005 1310 1176 1350 omnium
1199 1323 1327 1350 rerum
1351 1310 1486 1363 populi
1508 1315 1615 1350 esset

159 1380 397 1434 omniaquae
443 1380 525 1434 ejus
572 1381 739 1421 arbitrio
784 1385 1028 1434 gererentur,
1074 1379 1155 1420 fieri
1201 1394 1277 1421 non
1320 1380 1451 1434 potuit
1496 1381 1614 1434 quin,

157 1450 262 1503 quod
308 1455 370 1491 est
413 1449 610 1503 ingenium
649 1449 773 1503 vulgi,
805 1450 957 1491 varium
990 1449 1085 1491 illud
1119 1449 1275 1502 quidem
1307 1454 1347 1490 et
1377 1462 1505 1490 rerum
1537 1462 1614 1491 no-

154 1516 294 1560 varum
341 1511 521 1572 cupiens,
564 1519 739 1560 maxima
777 1518 973 1559 institut-is
1005 1517 1244 1570 reipublicae
1275 1518 1504 1559 discrimina
1535 1517 1611 1569 ime

157 1588 371 1641 minerent,
405 1587 546 1641 quibus
576 1588 826 1642 perturbatio
855 1601 984 1628 rerum
1008 1592 1128 1640 atque
1150 1588 1354 1628 conversio
1378 1587 1492 1628 facile
1513 1586 1613 1628 effici

153 1662 302 1711 posset.
362 1654 481 1702 Quod
529 1668 577 1696 ne
622 1656 818 1697 accideret
854 1669 974 1711 quum
1007 1656 1095 1696 aliis
1125 1656 1275 1710 legibus
1307 1663 1467 1696 cautum
1503 1661 1611 1706 erat,

151 1731 236 1767 tum
269 1740 334 1774 ea,
367 1739 446 1779 qua
477 1726 670 1766 neminem
703 1738 774 1766 nec
804 1726 1044 1766 senatorium
1077 1738 1217 1766 munus
1247 1738 1318 1766 nec
1339 1726 1499 1766 omnino
1522 1738 1612 1766 ma-

153 1796 367 1849 gistratum
413 1795 512 1835 inire
556 1795 718 1842 licebat,
766 1795 840 1834 nisi
866 1795 1014 1846 judicio
1045 1801 1209 1834 senatus
1242 1796 1381 1848 dignus
1408 1794 1611 1845 judicatus

152 1869 252 1906 erat.
313 1862 432 1910 Quod
480 1869 524 1904 ut
561 1868 740 1912 constat,
778 1862 837 1903 ita
868 1862 1002 1915 negari
1032 1876 1108 1904 non
1142 1869 1294 1916 potest,
1326 1876 1375 1904 ex
1405 1862 1610 1903 literarum

153 1934 439 1982 monumentis,
482 1948 582 1987 quae
612 1938 793 1980 exstant,
825 1946 902 1972 non
935 1932 1036 1972 satis
1068 1931 1238 1973 dilucide
1269 1946 1484 1986 apparere,
1518 1945 1610 1972 num

150 2002 190 2043 in
227 2003 316 2056 jure
347 2017 482 2044 eorum
515 2003 781 2057 explorando,
814 2002 879 2054 qui
910 2006 1115 2041 senatores
1147 2007 1218 2041 aut
1248 2002 1508 2054 magistratus
1540 2002 1611 2042 de-

152 2072 299 2126 signati
330 2078 481 2122 essent,
514 2085 592 2113 una
628 2084 783 2125 semper
813 2077 934 2125 atque
965 2072 1103 2111 eadem
1135 2071 1239 2111 ratio
1272 2071 1456 2112 adhibita
1479 2071 1612 2112 fuerit.

151 2142 240 2182 Hoc
285 2147 419 2183 tamen
460 2154 531 2195 pro
563 2146 669 2182 certo
701 2140 1035 2195 confirmaverim,
1069 2135 1296 2194 ἀνάκρισιν
1327 2140 1457 2189 illam,
1490 2153 1610 2194 quam

152 2210 374 2258 vocabant,
422 2223 524 2263 quae
555 2211 603 2250 de
633 2210 700 2257 iis,
733 2210 799 2261 qui
830 2214 1035 2249 senatores
1068 2209 1267 2261 designati
1298 2215 1448 2257 essent,
1484 2209 1611 2249 habe-

151 2284 279 2328 retur,
326 2279 426 2321 haec
469 2278 549 2319 tria.
592 2283 815 2332 spectasse:
861 2277 1030 2330 primum
1076 2290 1170 2317 num
1217 2277 1322 2318 cives
1353 2281 1442 2318 ortu
1475 2281 1610 2318 essent

147 2345 342 2406 (γνήσιοι
388 2346 433 2398 ἐξ
478 2344 693 2402 ἀμφοῖν),
741 2347 881 2388 deinde
917 2359 1009 2387 num
1042 2345 1229 2386 infamiae
1262 2347 1435 2400 quodam
1468 2360 1609 2401 genere

150 2418 281 2461 notati
321 2422 471 2467 essent,
504 2423 706 2472 postremo
738 2430 830 2458 num
864 2421 1037 2458 aetatem
1070 2417 1121 2457 ad
1154 2416 1433 2470 magistratum
1465 2422 1607 2470 peten-

149 2489 241 2531 dum
288 2487 505 2542 legitimam
538 2488 743 2529 haberent.
803 2484 895 2533 Qua
926 2485 965 2526 in
997 2484 1307 2540 interrogatione
1339 2497 1611 2540 quaecumque

148 2573 174 2600 a
204 2564 320 2612 parte
351 2558 555 2599 candidati
585 2570 820 2610 responsum
851 2560 958 2605 erat,
989 2560 1152 2596 senator
1186 2556 1351 2609 quisque
1382 2570 1459 2597 non
1481 2556 1609 2597 solum

244 2698 278 2739 1)
314 2696 544 2740 Δοκιμασιάν
578 2696 674 2727 Plato
711 2696 806 2727 etiam
831 2695 949 2727 civitati
974 2695 1021 2727 illi
1047 2694 1269 2731 commendat,
1295 2703 1392 2734 quam
1418 2696 1527 2727 animo
1555 2696 1613 2728 sibi

147 2756 259 2796 finxit,
286 2767 385 2799 quum
412 2756 568 2798 opt-imum
594 2753 791 2797 reipublicae
816 2760 933 2786 statum
958 2754 1152 2796 exquireret.
