1843 2987
246 229 290 263 18

236 324 385 364 licitum
417 335 504 363 esse
535 321 682 362 multas
713 321 891 374 irrogare
922 321 939 373 (
946 316 1156 374 ἐπιβολὰς
1187 314 1485 369 ἐπιβάλλειν),
1514 318 1621 371 quod
1638 317 1704 370 jus

236 393 414 444 angustis
445 396 577 432 tamen
610 390 790 431 terminis
822 395 979 441 septum
1012 388 1244 434 tenebatur,
1277 398 1397 437 quum
1431 387 1610 426 maxima
1631 399 1703 438 pe-

237 461 370 509 cunia,
402 473 480 513 qua
511 459 679 500 multare
710 463 875 498 senatus
906 462 1088 509 poterat,
1122 456 1358 509 quingentas
1390 454 1605 494 drachmas
1627 468 1701 495 ex-

234 530 370 583 pleret.
430 528 549 574 Quod
594 527 628 567 si
673 527 859 567 delictum
905 526 1066 578 gravius
1113 530 1218 572 erat,
1253 537 1373 578 quam
1405 524 1511 576 quod
1544 535 1593 563 ea
1623 536 1697 575 pe-

236 599 351 639 cunia
388 597 541 650 expiari
577 601 732 649 posset,
764 596 815 635 ad
848 595 1099 635 heliasticum
1127 593 1320 646 judicium
1352 593 1415 632 vel
1451 593 1502 633 ad
1534 592 1700 633 comitia

236 681 298 707 res
330 666 585 719 dijudicanda
606 664 870 716 rejiciebatur.
915 662 1083 703 Senatui
1106 663 1226 714 igitur
1247 675 1389 703 nomeu
1415 661 1701 717 δικαστηρίου

228 736 316 788 jure
360 734 507 786 imponi
527 734 578 786 ¹),
621 733 707 785 quis
739 737 818 779 est,
851 731 945 783 quin
977 729 1141 771 videat?
1201 727 1458 781 Quamquam
1492 736 1704 784 utcumque

232 805 391 856 legitur,
421 805 559 843 eadem
593 802 732 841 evadit
762 800 975 840 sententia.

347 870 448 928 §Z
507 868 732 924 βουλεύειν
782 870 885 910 idem
934 867 1043 907 valet
1089 871 1211 920 atque
1242 872 1516 916 “senatorem‚
1550 869 1704 909 consilii

233 947 434 981 auctorem
466 945 590 988 esse“‚
623 938 918 991 βουλεύεσθαι
952 937 1159 978 consilium
1190 937 1290 978 inire
1321 938 1534 990 significat.
1593 939 1703 991 Insp.

231 1011 304 1051 Kr.
345 1008 416 1050 Gr.
447 1009 522 1050 52:
555 1008 594 1050 8.
627 1005 662 1049 7.

347 1076 461 1119 ἰδίαν
491 1075 659 1131 ἐχθρὰν
687 1073 1122 1130 μεταπορευόμενος,·
1182 1074 1358 1115 Athenis
1391 1075 1595 1116 actionum
1625 1076 1703 1117 duo

230 1160 374 1199 genera
415 1151 551 1194 erant,
597 1150 716 1198 prout
760 1157 824 1185 res
862 1141 1085 1200 (ἔγκλημα)
1120 1143 1381 1197 postulabat,
1415 1146 1463 1186 de
1497 1158 1577 1199 qua
1608 1158 1704 1198 avge-

232 1217 370 1266 batur3
401 1216 590 1263 alterum,
621 1217 654 1255 si
685 1215 773 1268 quis
798 1214 879 1254 suis
903 1214 1028 1266 ipsius
1050 1214 1178 1255 solum
1198 1214 1423 1254 rationibus
1446 1215 1703 1267 prospiciens,

230 1285 423 1324 actionem
457 1284 494 1323 in
528 1284 698 1335 aliquem
731 1283 969 1322 intendebat
1001 1281 1113 1336 (δίκη
1148 1279 1275 1331 ἰδία),
1299 1283 1469 1323 alterum
1495 1297 1615 1336 quum
1638 1297 1701 1324 re·-

230 1353 386 1405 publica
416 1352 566 1392 violata
596 1352 679 1404 lege
712 1352 907 1404 agebatur
932 1351 1047 1406 (δίκη
1079 1350 1293 1405 δημοσία,
1326 1349 1504 1407 γραφή).
1543 1350 1701 1397 Quam-

232 1435 347 1475 quam
395 1422 795 1462 animadvertendum
842 1427 926 1469 est,
971 1420 1241 1460 Athenienses
1288 1422 1490 1473 permulta
1536 1421 1701 1469 delicta,

232 1505 332 1545 quae
372 1493 476 1545 apud
509 1491 611 1531 alias
642 1496 779 1544 gentes
812 1491 974 1544 privata
1004 1490 1303 1539 existimentur,
1335 1491 1586 1544 publicorum
1612 1491 1700 1532 loco

229 1562 438 1610 habuisse;
483 1561 606 1601 veluti
652 1561 800 1601 furtum
849 1560 1034 1600 delictum
1082 1560 1283 1611 publicum
1328 1566 1434 1608 erat,
1470 1574 1589 1614 quum
1622 1574 1701 1601 non

229 1631 352 1683 magis
398 1631 579 1683 privatus
625 1630 808 1683 quidam,
856 1642 975 1682 quam
1023 1630 1243 1670 communis
1284 1629 1513 1681 respublica
1547 1629 1703 1670 violata

228 1705 342 1739 esset.
402 1699 525 1740 Ratio
560 1699 630 1739 illa
660 1699 827 1739 forensis
860 1698 989 1750 qualis
1022 1699 1140 1738 fuerit
1169 1700 1204 1738 si
1231 1699 1486 1751 respicimus,
1519 1704 1700 1748 constat,

230 1768 427 1808 actionum
458 1768 629 1808 formam
661 1768 861 1808 diversam
895 1767 1035 1815 fuisse,
1068 1772 1189 1819 prout
1219 1781 1282 1808 res
1315 1768 1552 1820 postularet.

342 1837 476 1890 Δίκην
516 1834 630 1876 ἰδίαν
667 1850 780 1880 nemo
812 1838 1018 1877 intendere
1049 1838 1198 1888 potuit,
1233 1838 1309 1878 nisi
1340 1838 1406 1891 qui
1437 1838 1584 1889 injuria
1614 1838 1701 1889 ipse

228 1907 391 1948 affectus
437 1913 524 1948 erat
577 1911 617 1947 et
657 1906 806 1960 judicio
853 1919 915 1947 res
961 1911 1221 1948 controversa
1268 1906 1330 1948 vel
1371 1906 1498 1948 multa
1530 1908 1582 1949 ad
1611 1920 1700 1948 eum

228 1977 363 2023 rediit,
410 1977 473 2030 qui
521 1989 683 2017 causam
731 1976 973 2017 obtinuerat.
1032 1977 1204 2016 Accedit
1249 1978 1354 2029 quod
1402 1982 1443 2017 et
1487 1977 1700 2030 petitorem

228 2052 268 2086 et
323 2060 427 2099 eum,
486 2047 588 2086 unde
633 2046 801 2098 petitum
848 2051 954 2093 erat,
999 2046 1205 2099 impendia
1250 2045 1354 2095 litis,
1401 2051 1700 2086 sacramentum

230 2113 295 2159 (τὰ
328 2118 580 2169 πρυτανεῖα)
614 2115 810 2166 deponere
842 2116 1079 2166 oportebat3
1118 2116 1184 2168 qui
1216 2129 1380 2156 causam
1414 2116 1590 2168 perdidit
1622 2128 1700 2155 non

228 2184 355 2224 solum
402 2183 608 2237 pecuniam
649 2197 763 2224 suam
794 2184 948 2232 amisit,
979 2186 1049 2226 sed
1082 2185 1316 2227 adversario
1347 2185 1469 2225 etiam
1495 2186 1700 2239 jacturam

229 2253 404 2293 omissae
449 2254 641 2305 pecuniae
685 2254 895 2294 restituere
927 2260 1089 2295 coactus
1120 2261 1220 2296 erat.
1282 2254 1438 2300 Quodsi
1471 2267 1593 2295 causa
1625 2268 1702 2306 pu-

229 2322 335 2362 blica
357 2328 463 2371 erat,
487 2335 805 2375 unumquemque
830 2323 996 2377 civium,
1021 2324 1132 2377 cujus
1154 2325 1309 2378 integra
1331 2329 1420 2365 erat
1435 2323 1703 2372 existimatio,

227 2391 520 2431 accusationem
554 2405 786 2444 comparare
818 2397 858 2431 et
888 2393 1084 2432 instruere
1116 2393 1282 2441 licebat,
1316 2394 1497 2446 exceptis
1529 2394 1608 2434 illis
1630 2406 1701 2433 ac-

228 2460 424 2507 tionibus,
456 2473 556 2512 quae
587 2462 638 2501 ad
671 2462 833 2501 caedem
865 2462 1120 2514 pertinebant
1159 2462 1291 2509 (δίκαι
1323 2463 1544 2516 φονικαί),·
1567 2474 1699 2514 poena

231 2530 281 2569 ad
327 2529 613 2582 rempublicam
656 2530 776 2570 rediit
822 2543 893 2571 nec
938 2532 1162 2573 accusatori
1208 2546 1271 2573 res
1316 2546 1474 2585 semper
1505 2531 1703 2585 impunita

231 2598 323 2646 fuit,
368 2611 460 2639 nam
507 2599 583 2639 uisi
621 2599 897 2653 suffragiorum
931 2603 1110 2655 quintam
1143 2608 1299 2655 partem
1332 2602 1483 2643 tulerat
1514 2602 1577 2643 vel
1610 2607 1704 2643 ante

325 2746 362 2789 1)
389 2746 513 2781 Confer
538 2748 679 2782 Vischcr
707 2751 771 2782 und
799 2750 954 2784 Schiinm.
982 2753 1132 2785 Attischc
1157 2754 1296 2787 Process
1324 2766 1398 2798 pag.
1427 2758 1504 2786 205.
