1843 2987
1585 258 1630 291 1⁹

172 367 254 395 rem
296 355 518 408 judicatam
565 369 728 398 causam
776 356 1035 408 deposuerat,
1068 355 1196 395 multa
1226 355 1417 407 adjuncto
1448 353 1637 395 infamiae

173 426 348 476 quodam
380 439 519 479 genere
550 426 586 466 ei
616 425 807 477 imposita
834 430 907 465 est.

285 491 313 550 ξ
349 495 386 535 3.
418 492 666 545 ἐλλείποιμι
687 492 745 546 τῷ
765 490 903 546 λόγοις
921 492 1079 546 conjicit
1100 492 1369 533 Marklandus
1391 491 1469 532 τοῦ
1485 489 1631 542 λόγου.

172 559 329 607 Quodsi
359 562 637 604 emendatione
669 575 767 616 opus
799 568 881 612 est,
913 575 1043 603 nonne
1074 560 1120 603 ἐν
1150 562 1209 615 τῷ
1240 559 1353 615 λόγῳ
1384 560 1519 614 potius
1538 559 1636 600 scri-

172 631 374 672 bendum?

289 695 375 749 ὃ,τι
395 699 549 747 ἱκανῶς
571 699 794 751 διδάξαιμι
802 714 819 749 ,·
842 699 1022 740 nonnulli
1044 697 1084 739 εἴ
1113 713 1154 738 τι
1177 698 1428 739 scribendum
1451 710 1538 738 esse
1560 709 1635 749 pu-

172 771 283 814 tant,
315 779 434 820 quum
466 769 626 809 ineunte
657 768 914 809 accusatione
945 768 1120 808 nondum
1152 771 1328 815 constet,
1358 773 1490 806 utrum
1513 777 1635 817 argu-

178 840 315 875 menta
361 836 453 888 quid
499 838 681 885 valeant,
728 850 779 877 an
811 837 933 877 exilia
961 836 1055 878 sint.
1116 836 1294 876 Tantum
1327 840 1462 875 autem
1493 833 1632 886 abest,

178 908 223 943 ut
252 904 323 944 illa
353 905 555 945 sententia
585 906 680 946 mihi
712 906 924 958 probetur,
958 909 1000 944 ut
1029 909 1249 953 oratorem,
1282 916 1400 957 quum
1431 914 1503 955 pro
1526 907 1632 942 certo

176 973 366 1021 haberet,
412 974 513 1015 talia
543 988 585 1015 se
617 975 833 1015 allaturum
864 987 968 1021 esse,
1000 978 1045 1013 ut
1074 974 1257 1026 indignus
1288 972 1404 1013 Philo
1430 972 1634 1024 judicare-

171 1046 255 1090 tur,
302 1037 383 1091 ὅ,τι
424 1042 630 1095 scripsisse
676 1043 847 1083 credam.
908 1041 993 1082 Nec
1037 1042 1201 1082 verbum
1247 1036 1329 1090 ὅ,τι
1360 1040 1633 1093 singulariter,

174 1123 418 1163 quamquam
460 1113 513 1152 ad
543 1110 707 1151 τούτων
738 1112 959 1163 pertinens,
992 1110 1140 1151 dictum
1173 1110 1400 1150 offensionis
1433 1110 1525 1162 quid
1557 1109 1633 1148 ha-

177 1179 266 1228 bet3
298 1192 375 1232 quo
408 1180 506 1221 nihil
536 1179 724 1220 usitatius
755 1193 841 1220 esse
871 1180 988 1220 docet
1018 1180 1091 1220 Kr.
1124 1178 1199 1232 58,
1232 1178 1277 1227 4,
1307 1178 1347 1218 5.

287 1249 314 1300 ξ
359 1249 399 1290 4.
459 1244 640 1302 ἀπειρία
685 1254 816 1289 utrum
861 1248 937 1288 hoc
975 1248 1060 1287 loco
1092 1247 1414 1300 “ignorantiam“
1444 1258 1495 1286 an
1529 1245 1631 1285 “im—

172 1317 453 1357 mensitatem“
496 1309 706 1369 significet,
754 1330 824 1369 pro
856 1322 964 1357 certo
995 1316 1228 1356 confirmare
1259 1316 1412 1357 dubito.
1476 1313 1630 1360 Quam-

172 1398 336 1438 cumque
380 1385 461 1425 vim
509 1386 631 1425 verbo
676 1386 898 1438 subjectam
944 1385 1136 1435 volueris,
1183 1384 1463 1436 praecendenti
1507 1384 1629 1423 verbo

170 1453 324 1500 ἐνδεῶς
355 1459 453 1506 apta
483 1459 556 1494 est.

288 1520 576 1577 δυνατώτεροι
607 1520 714 1575 ἐμοῦ
744 1519 830 1562 εἰσι
851 1519 964 1575 λόγῳ
987 1517 1217 1578 ἀποφῆναι
1239 1522 1277 1562 in
1302 1521 1497 1575 plerisque
1519 1521 1630 1562 libris

173 1592 317 1646 legitur
361 1605 433 1632 nec
476 1604 638 1632 causam
684 1591 819 1645 video,
860 1605 928 1633 cur
958 1592 1051 1644 quid
1082 1593 1370 1633 emendandum
1401 1592 1474 1640 sit,
1507 1604 1628 1644 quum

171 1662 315 1710 verba,
352 1665 457 1702 recte
495 1661 714 1714 explicata,
742 1660 893 1700 nullam
925 1660 1196 1700 difficultatem
1228 1660 1409 1702 afferant.
1470 1657 1627 1713 “Λόγῳ

174 1731 361 1771 cohaeret
408 1743 494 1769 cum
541 1728 795 1784 ἀποφῆναι,
839 1742 918 1769 non
964 1741 1049 1769 cum
1098 1727 1394 1782 δυνατώτεροι.
1455 1729 1563 1769 Nam
1593 1730 1629 1770 si

175 1811 261 1838 cum
293 1797 370 1838 hoc
400 1798 610 1838 cohaerere
641 1798 819 1851 deberet,
853 1810 929 1837 non
962 1795 1074 1850 λόγῳ
1100 1796 1348 1851 conveniret,
1371 1799 1441 1838 sed
1462 1796 1630 1848 λέγειν“

171 1867 312 1907 Reisk.
371 1867 473 1907 Mihi
516 1868 673 1920 quidem
720 1879 951 1919 persuasum
998 1870 1078 1913 est,
1114 1864 1227 1918 λόγῳ
1260 1867 1312 1906 ad
1341 1866 1629 1920 δυνατῳτεροι

170 1935 416 1977 referendum
460 1949 548 1977 esse
592 1948 663 1977 nec
705 1941 768 1977 est
812 1947 879 1976 cur
926 1934 1128 1983 miremur,
1173 1939 1372 1976 oratorem
1403 1932 1518 1989 λόγῳ
1549 1948 1627 1976 non

171 2002 312 2055 λέγειν
341 2005 544 2056 sripsisse3
576 2005 821 2046 Graecorum
853 2004 955 2044 enim
985 2004 1169 2057 loquendi
1191 2006 1434 2045 consuetudo
1456 2006 1519 2046 vel
1541 2018 1628 2046 cum

172 2073 311 2114 dativo
344 2073 404 2114 vel
436 2086 523 2114 cum
555 2074 749 2114 infinitivo
780 2071 959 2118 δυνατός
990 2073 1202 2125 componit.
1257 2073 1344 2113 Nec
1374 2070 1626 2129 ἀποφῆναι,

172 2143 280 2183 nullo
302 2143 425 2183 verbo
447 2143 651 2196 apposito,
677 2142 822 2183 dubiae
842 2146 903 2181 est
924 2141 1235 2194 significationis.
1272 2141 1418 2182 Confer
1437 2141 1467 2198 ξ
1488 2143 1508 2183 1
1532 2143 1567 2182 δι
1590 2143 1629 2183 3.

286 2212 313 2264 ξ
345 2213 384 2253 5.
444 2209 526 2251 Καὶ
556 2209 634 2264 γάρ
665 2234 722 2241 —-
752 2211 877 2251 latine
909 2209 1063 2250 reddidi
1096 2208 1193 2263 “ego
1223 2211 1353 2264 igitur.
1400 2211 1630 2252 Particulae

172 2279 253 2335 γάρ
284 2281 360 2321 hoc
389 2281 475 2321 loco
507 2280 577 2320 illa
606 2280 787 2332 subjecta
816 2284 878 2320 est
904 2279 984 2326 vis,
1008 2284 1053 2318 ut
1072 2279 1264 2330 significet
1285 2286 1486 2321 oratorem
1511 2294 1630 2333 prae·

171 2350 323 2390 fatione
350 2350 466 2391 finita
493 2361 576 2390 rem
605 2348 854 2402 propositam
886 2352 1061 2388 tractare
1091 2349 1280 2401 coepisse.
1340 2349 1400 2390 At
1428 2350 1532 2390 enim
1561 2362 1631 2391 ra—

171 2420 344 2466 rissime,
388 2419 421 2458 si
465 2419 581 2459 modo
627 2431 838 2470 umquam,
885 2417 1106 2469 particulae
1152 2416 1230 2471 γάρ
1275 2418 1375 2458 haec
1418 2419 1523 2459 inest
1554 2419 1628 2460 vis.

171 2490 322 2530 Fateor
365 2499 437 2527 nec
478 2487 616 2539 ignoro
661 2486 765 2526 hauc
806 2485 1131 2539 significationem
1168 2486 1390 2538 particulae
1424 2478 1504 2527 οὖν
1534 2499 1631 2539 pro-

172 2557 299 2609 priam
333 2568 439 2604 esse‚
469 2556 541 2597 sed
571 2555 668 2596 nibil
701 2560 794 2596 ante
824 2560 886 2594 est
911 2554 1080 2601 dictum,
1103 2566 1180 2606 quo
1202 2554 1337 2596 referri
1360 2561 1515 2608 postest
1537 2553 1629 2610 γάρ.

171 2624 264 2672 Quo
312 2625 437 2678 magis
483 2626 679 2675 adducor,
725 2630 769 2666 ut
799 2629 893 2665 ante
922 2623 1022 2665 haec
1051 2623 1176 2664 verba
1206 2625 1299 2677 quid
1331 2624 1513 2678 elapsum
1544 2637 1631 2666 esse

171 2696 345 2736 credam.
